%% This BibTeX bibliography file was created using BibDesk.
%% https://bibdesk.sourceforge.io/

%% Created for Henning Hontheim at 2020-06-02 12:25:26 +0200 


%% Saved with string encoding Unicode (UTF-8) 



@techreport{Group:2019:Bluetooth-Core-Specification,
	Author = {Bluetooth Special Interest Group},
	Date-Added = {2020-06-01 21:49:57 +0200},
	Date-Modified = {2020-06-01 21:49:57 +0200},
	Institution = {Core Specification Working Group},
	Number = {v5.2},
	Title = {Bluetooth Core Specification},
	Year = {2019-12-31},
	Bdsk-File-1 = {YnBsaXN0MDDSAQIDBFxyZWxhdGl2ZVBhdGhZYWxpYXNEYXRhXxA4c291cmNlcy9maWxlcy9ibHVldG9vdGgvQmx1ZXRvb3RoIENvcmUgU3BlY2lmaWNhdGlvbi5wZGZPEQH+AAAAAAH+AAIAAAxNYWNpbnRvc2ggSEQAAAAAAAAAAAAAAAAAAAAAAAAAQkQAAf////8fQmx1ZXRvb3RoIENvcmUgU3BlI0ZGRkZGRkZGLnBkZgAAAAAAAAAAAAAAAAAAAAAAAAAAAAAAAAAAAAAAAAAA/////wAAAAAAAAAAAAAAAAABAAUAAAogY3UAAAAAAAAAAAAAAAAACWJsdWV0b290aAAAAgBvLzpVc2VyczpoaG9udGhlaW06RGVza3RvcDpiYWNoZWxvci10aGVzaXM6YmlibGlvZ3JhcGh5OnNvdXJjZXM6ZmlsZXM6Ymx1ZXRvb3RoOkJsdWV0b290aCBDb3JlIFNwZWNpZmljYXRpb24ucGRmAAAOAEIAIABCAGwAdQBlAHQAbwBvAHQAaAAgAEMAbwByAGUAIABTAHAAZQBjAGkAZgBpAGMAYQB0AGkAbwBuAC4AcABkAGYADwAaAAwATQBhAGMAaQBuAHQAbwBzAGgAIABIAEQAEgBtVXNlcnMvaGhvbnRoZWltL0Rlc2t0b3AvYmFjaGVsb3ItdGhlc2lzL2JpYmxpb2dyYXBoeS9zb3VyY2VzL2ZpbGVzL2JsdWV0b290aC9CbHVldG9vdGggQ29yZSBTcGVjaWZpY2F0aW9uLnBkZgAAEwABLwAAFQACABD//wAAAAgADQAaACQAXwAAAAAAAAIBAAAAAAAAAAUAAAAAAAAAAAAAAAAAAAJh},
	Bdsk-Url-1 = {https://www.bluetooth.com/de/specifications/bluetooth-core-specification/},
	Bdsk-Url-2 = {https://www.bluetooth.org/docman/handlers/downloaddoc.ashx?doc_id=478726}}

@online{Apple-Inc.::Core-Bluetooth,
	Author = {{Apple Inc.}},
	Date-Added = {2020-06-01 19:22:51 +0200},
	Date-Modified = {2020-06-01 19:24:06 +0200},
	Title = {Core Bluetooth},
	Url = {https://developer.apple.com/documentation/corebluetooth},
	Bdsk-Url-1 = {https://developer.apple.com/documentation/corebluetooth}}

@online{Apple::Swift,
	Author = {{Apple Inc.}},
	Date-Added = {2020-06-01 17:04:15 +0200},
	Date-Modified = {2020-06-01 17:04:15 +0200},
	Title = {Swift},
	Url = {https://developer.apple.com/swift/},
	Bdsk-Url-1 = {https://developer.apple.com/swift/}}

@misc{Kolban:2018:BLE-C-Guide,
	Author = {Kolban, Neil},
	Date-Added = {2020-06-01 16:48:52 +0200},
	Date-Modified = {2020-06-01 21:53:30 +0200},
	Month = {1},
	Title = {BLE C++ Guide},
	Url = {https://github.com/nkolban/esp32-snippets/},
	Year = {2018},
	Bdsk-File-1 = {YnBsaXN0MDDSAQIDBFxyZWxhdGl2ZVBhdGhZYWxpYXNEYXRhXxApc291cmNlcy9maWxlcy9ibHVldG9vdGgvQmx1ZXRvb3RoIEJMRS5wZGZPEQHAAAAAAAHAAAIAAAxNYWNpbnRvc2ggSEQAAAAAAAAAAAAAAAAAAAAAAAAAQkQAAf////8RQmx1ZXRvb3RoIEJMRS5wZGYAAAAAAAAAAAAAAAAAAAAAAAAAAAAAAAAAAAAAAAAAAAAAAAAAAAAAAAAAAAAA/////wAAAAAAAAAAAAAAAAABAAUAAAogY3UAAAAAAAAAAAAAAAAACWJsdWV0b290aAAAAgBgLzpVc2VyczpoaG9udGhlaW06RGVza3RvcDpiYWNoZWxvci10aGVzaXM6YmlibGlvZ3JhcGh5OnNvdXJjZXM6ZmlsZXM6Ymx1ZXRvb3RoOkJsdWV0b290aCBCTEUucGRmAA4AJAARAEIAbAB1AGUAdABvAG8AdABoACAAQgBMAEUALgBwAGQAZgAPABoADABNAGEAYwBpAG4AdABvAHMAaAAgAEgARAASAF5Vc2Vycy9oaG9udGhlaW0vRGVza3RvcC9iYWNoZWxvci10aGVzaXMvYmlibGlvZ3JhcGh5L3NvdXJjZXMvZmlsZXMvYmx1ZXRvb3RoL0JsdWV0b290aCBCTEUucGRmABMAAS8AABUAAgAQ//8AAAAIAA0AGgAkAFAAAAAAAAACAQAAAAAAAAAFAAAAAAAAAAAAAAAAAAACFA==},
	Bdsk-Url-1 = {https://github.com/nkolban/esp32-snippets/},
	Bdsk-Url-2 = {https://github.com/nkolban/esp32-snippets/blob/master/Documentation/BLE%20C%2B%2B%20Guide.pdf}}

@online{Geis::Neue-ISO-9241-210-Prozess,
	Author = {Geis, Thomas},
	Date-Added = {2020-05-07 18:11:42 +0200},
	Date-Modified = {2020-05-07 18:14:40 +0200},
	Title = {Neue ISO 9241-210 „Prozess zur Gestaltung gebrauchstauglicher Systeme`` ersetzt die ISO 13407},
	Url = {https://www.procontext.de/aktuelles/2010/03/iso-9241210-prozess-zur-entwicklung-gebrauchstauglicher-interaktiver-systeme-veroeffentlicht.html},
	Bdsk-Url-1 = {https://www.procontext.de/aktuelles/2010/03/iso-9241210-prozess-zur-entwicklung-gebrauchstauglicher-interaktiver-systeme-veroeffentlicht.html}}

@online{Burmester::Design-Thinking--die-neue,
	Author = {Burmester, Michael},
	Date-Modified = {2020-05-07 18:29:06 +0200},
	Title = {Design Thinking -- die neue alte Kreativit{\"a}t},
	Url = {https://www.uid.com/de/aktuelles/hcd-design-thinking},
	Bdsk-Url-1 = {https://www.uid.com/de/aktuelles/hcd-design-thinking}}

@article{Lewis:2014:Usability:-Lessons-Learned,
	Abstract = { The philosopher of science J. W. Grove (1989) once wrote, ``There is, of course, nothing strange or scandalous about divisions of opinion among scientists. This is a condition for scientific progress'' (p. 133). Over the past 30 years, usability, both as a practice and as an emerging science, has had its share of controversies. It has inherited some from its early roots in experimental psychology, measurement, and statistics. Others have emerged as the field of usability has matured and extended into user-centered design and user experience. In many ways, a field of inquiry is shaped by its controversies. This article reviews some of the persistent controversies in the field of usability, starting with their history, then assessing their current status from the perspective of a pragmatic practitioner. Put another way: Over the past three decades, what are some of the key lessons we have learned, and what remains to be learned? Some of the key lessons learned are:* When discussing usability, it is important to distinguish between the goals and practices of summative and formative usability.* There is compelling rational and empirical support for the practice of iterative formative usability testing---it appears to be effective in improving both objective and perceived usability.* When conducting usability studies, practitioners should use one of the currently available standardized usability questionnaires.* Because ``magic number'' rules of thumb for sample size requirements for usability tests are optimal only under very specific conditions, practitioners should use the tools that are available to guide sample size estimation rather than relying on ``magic numbers.'' },
	Author = {James R. Lewis},
	Date-Added = {2020-05-04 20:04:46 +0200},
	Date-Modified = {2020-05-04 20:04:48 +0200},
	Doi = {10.1080/10447318.2014.930311},
	Eprint = {https://doi.org/10.1080/10447318.2014.930311},
	Journal = {International Journal of Human--Computer Interaction},
	Number = {9},
	Pages = {663-684},
	Publisher = {Taylor & Francis},
	Title = {Usability: Lessons Learned {\ldots} and Yet to Be Learned},
	Url = {https://doi.org/10.1080/10447318.2014.930311},
	Volume = {30},
	Year = {2014},
	Bdsk-File-1 = {YnBsaXN0MDDSAQIDBFxyZWxhdGl2ZVBhdGhZYWxpYXNEYXRhXxBJc291cmNlcy90by1jaGVjay9Vc2FiaWxpdHkgLSBMZXNzb25zIExlYXJuZWQuLi4gYW5kIFlldCB0byBCZSBMZWFybmVkLnBkZk8RAkwAAAAAAkwAAgAADE1hY2ludG9zaCBIRAAAAAAAAAAAAAAAAAAAAAAAAABCRAAB/////x9Vc2FiaWxpdHkgLSBMZXNzb24jRkZGRkZGRkYucGRmAAAAAAAAAAAAAAAAAAAAAAAAAAAAAAAAAAAAAAAAAAD/////AAAAAAAAAAAAAAAAAAEABAAACiBjdQAAAAAAAAAAAAAAAAAIdG8tY2hlY2sAAgCALzpVc2VyczpoaG9udGhlaW06RGVza3RvcDpiYWNoZWxvci10aGVzaXM6YmlibGlvZ3JhcGh5OnNvdXJjZXM6dG8tY2hlY2s6VXNhYmlsaXR5IC0gTGVzc29ucyBMZWFybmVkLi4uIGFuZCBZZXQgdG8gQmUgTGVhcm5lZC5wZGYADgByADgAVQBzAGEAYgBpAGwAaQB0AHkAIAAtACAATABlAHMAcwBvAG4AcwAgAEwAZQBhAHIAbgBlAGQALgAuAC4AIABhAG4AZAAgAFkAZQB0ACAAdABvACAAQgBlACAATABlAGEAcgBuAGUAZAAuAHAAZABmAA8AGgAMAE0AYQBjAGkAbgB0AG8AcwBoACAASABEABIAflVzZXJzL2hob250aGVpbS9EZXNrdG9wL2JhY2hlbG9yLXRoZXNpcy9iaWJsaW9ncmFwaHkvc291cmNlcy90by1jaGVjay9Vc2FiaWxpdHkgLSBMZXNzb25zIExlYXJuZWQuLi4gYW5kIFlldCB0byBCZSBMZWFybmVkLnBkZgATAAEvAAAVAAIAEP//AAAACAANABoAJABwAAAAAAAAAgEAAAAAAAAABQAAAAAAAAAAAAAAAAAAAsA=},
	Bdsk-Url-1 = {https://doi.org/10.1080/10447318.2014.930311}}

@article{Inostroza:2016:Developing-SMASH:-A-set-of-SMArtphones,
	Abstract = {The smartphone market is nowadays highly competitive. When buying a new device, users focus on visual esthetics, ergonomics, performance, and user experience, among others. Assessing usability issues allows improving these aspects. One popular method for detecting usability problems is heuristic evaluation, in which evaluators employ a set of usability heuristics as guide. Using proper heuristics is highly relevant. In this paper we present SMASH, a set of 12 usability heuristics for smartphones and mobile applications, developed iteratively. SMASH (previously named TMD: Usability heuristics for Touchscreen-based Mobile Devices) was experimentally validated. The results support its utility and effectiveness.},
	Author = {Rodolfo Inostroza and Cristian Rusu and Silvana Roncagliolo and Virginica Rusu and C{\'e}sar A. Collazos},
	Date-Added = {2020-05-04 19:12:22 +0200},
	Date-Modified = {2020-05-04 19:39:05 +0200},
	Doi = {https://doi.org/10.1016/j.csi.2015.08.007},
	Issn = {0920-5489},
	Journal = {Computer Standards \& Interfaces},
	Keywords = {Usability, Smartphones, Heuristic evaluation, Usability heuristics, Experimental validation},
	Pages = {40 - 52},
	Title = {Developing SMASH: A set of SMArtphone's uSability Heuristics},
	Url = {http://www.sciencedirect.com/science/article/pii/S0920548915000926},
	Volume = {43},
	Year = {2016},
	Bdsk-Url-1 = {http://www.sciencedirect.com/science/article/pii/S0920548915000926},
	Bdsk-Url-2 = {https://doi.org/10.1016/j.csi.2015.08.007}}

@online{Google-Inc.::Android-Accessibility-Practices,
	Author = {{Google Inc.}},
	Date-Added = {2020-05-03 20:35:20 +0200},
	Date-Modified = {2020-05-04 17:28:38 +0200},
	Title = {Android Accessibility Practices},
	Url = {https://developer.android.com/guide/topics/ui/accessibility},
	Bdsk-Url-1 = {https://developer.android.com/guide/topics/ui/accessibility}}

@techreport{ISO-Central-Secretary:2019:Ergonomics-of-human-system-interaction,
	Address = {Geneva, CH},
	Author = {{ISO Central Secretary}},
	Date-Added = {2020-05-01 19:40:14 +0200},
	Date-Modified = {2020-05-02 21:27:58 +0200},
	Institution = {International Organization for Standardization},
	Number = {ISO/IEC TR 9241-210:2019},
	Shorttitle = {{ISO}/{IEC} {TR} 9241-210:2019},
	Title = {Ergonomics of human-system interaction -- Part 210: Human-centred design for interactive systems},
	Type = {Standard},
	Url = {https://www.iso.org/standard/77520.html},
	Year = {2019},
	Bdsk-Url-1 = {https://www.iso.org/standard/77520.html}}

@article{Stephanidis:2001:User-interfaces-for-all:,
	Author = {Stephanidis, Constantine},
	Date-Added = {2020-05-01 19:07:36 +0200},
	Date-Modified = {2020-05-02 21:27:58 +0200},
	Journal = {User Interfaces for All-Concepts, Methods, and Tools},
	Pages = {3--17},
	Publisher = {Citeseer},
	Title = {User interfaces for all: New perspectives into human-computer interaction},
	Volume = {1},
	Year = {2001},
	Bdsk-File-1 = {YnBsaXN0MDDSAQIDBFxyZWxhdGl2ZVBhdGhZYWxpYXNEYXRhXxBtc291cmNlcy9maWxlcy91bml2ZXJzYWwtYWNjZXNzL1VzZXIgaW50ZXJmYWNlcyBmb3IgYWxsIC0gTmV3IHBlcnNwZWN0aXZlcyBpbnRvIGh1bWFuLWNvbXB1dGVyIGludGVyYWN0aW9uLnBkZk8RAsgAAAAAAsgAAgAADE1hY2ludG9zaCBIRAAAAAAAAAAAAAAAAAAAAAAAAABCRAAB/////x9Vc2VyIGludGVyZmFjZXMgZm8jRkZGRkZGRkYucGRmAAAAAAAAAAAAAAAAAAAAAAAAAAAAAAAAAAAAAAAAAAD/////AAAAAAAAAAAAAAAAAAEABQAACiBjdQAAAAAAAAAAAAAAAAAQdW5pdmVyc2FsLWFjY2VzcwACAKQvOlVzZXJzOmhob250aGVpbTpEZXNrdG9wOmJhY2hlbG9yLXRoZXNpczpiaWJsaW9ncmFwaHk6c291cmNlczpmaWxlczp1bml2ZXJzYWwtYWNjZXNzOlVzZXIgaW50ZXJmYWNlcyBmb3IgYWxsIC0gTmV3IHBlcnNwZWN0aXZlcyBpbnRvIGh1bWFuLWNvbXB1dGVyIGludGVyYWN0aW9uLnBkZgAOAJ4ATgBVAHMAZQByACAAaQBuAHQAZQByAGYAYQBjAGUAcwAgAGYAbwByACAAYQBsAGwAIAAtACAATgBlAHcAIABwAGUAcgBzAHAAZQBjAHQAaQB2AGUAcwAgAGkAbgB0AG8AIABoAHUAbQBhAG4ALQBjAG8AbQBwAHUAdABlAHIAIABpAG4AdABlAHIAYQBjAHQAaQBvAG4ALgBwAGQAZgAPABoADABNAGEAYwBpAG4AdABvAHMAaAAgAEgARAASAKJVc2Vycy9oaG9udGhlaW0vRGVza3RvcC9iYWNoZWxvci10aGVzaXMvYmlibGlvZ3JhcGh5L3NvdXJjZXMvZmlsZXMvdW5pdmVyc2FsLWFjY2Vzcy9Vc2VyIGludGVyZmFjZXMgZm9yIGFsbCAtIE5ldyBwZXJzcGVjdGl2ZXMgaW50byBodW1hbi1jb21wdXRlciBpbnRlcmFjdGlvbi5wZGYAEwABLwAAFQACABD//wAAAAgADQAaACQAlAAAAAAAAAIBAAAAAAAAAAUAAAAAAAAAAAAAAAAAAANg},
	Bdsk-Url-1 = {http://citeseerx.ist.psu.edu/viewdoc/download?doi=10.1.1.98.4790&rep=rep1&type=pdf}}

@inproceedings{Siek:2005:Fat-Finger-Worries:-How-Older,
	Abstract = {There has been a steady growth in the global population of elderly people, challenging researchers in the HCI community to design technologies to help them remain independent and preserve their quality of life. One approach has been to create assistive technology solutions using Personal Digital Assistants (PDAs). However, some have questioned whether older people can use PDAs because of age related problems with dexterity, coordination, and vision. This paper presents an initial usability study that shows there are no major differences in performance between older and younger users when physically interacting with PDAs and completing conventional (e.g. pressing buttons, viewing icons, recording messages) and non-conventional tasks (e.g. scanning bar codes).},
	Address = {Berlin, Heidelberg},
	Author = {Siek, Katie A. and Rogers, Yvonne and Connelly, Kay H.},
	Booktitle = {Human-Computer Interaction - INTERACT 2005},
	Date-Added = {2020-04-28 20:55:22 +0200},
	Date-Modified = {2020-05-02 21:27:58 +0200},
	Editor = {Costabile, Maria Francesca and Patern{\`o}, Fabio},
	Isbn = {978-3-540-31722-7},
	Pages = {267--280},
	Publisher = {Springer Berlin Heidelberg},
	Title = {Fat Finger Worries: How Older and Younger Users Physically Interact with PDAs},
	Year = {2005},
	Bdsk-File-1 = {YnBsaXN0MDDSAQIDBFxyZWxhdGl2ZVBhdGhZYWxpYXNEYXRhXxBoc291cmNlcy9maWxlcy9ub3QtdXNlZC9GYXQgRmluZ2VyIFdvcnJpZXMuIEhvdyBPbGRlciBhbmQgWW91bmdlciBVc2VycyBQaHlzaWNhbGx5IEludGVyYWN0IHdpdGggUERBcy5wZGZPEQK+AAAAAAK+AAIAAAxNYWNpbnRvc2ggSEQAAAAAAAAAAAAAAAAAAAAAAAAAQkQAAf////8fRmF0IEZpbmdlciBXb3JyaWVzI0ZGRkZGRkZGLnBkZgAAAAAAAAAAAAAAAAAAAAAAAAAAAAAAAAAAAAAAAAAA/////wAAAAAAAAAAAAAAAAABAAUAAAogY3UAAAAAAAAAAAAAAAAACG5vdC11c2VkAAIAny86VXNlcnM6aGhvbnRoZWltOkRlc2t0b3A6YmFjaGVsb3ItdGhlc2lzOmJpYmxpb2dyYXBoeTpzb3VyY2VzOmZpbGVzOm5vdC11c2VkOkZhdCBGaW5nZXIgV29ycmllcy4gSG93IE9sZGVyIGFuZCBZb3VuZ2VyIFVzZXJzIFBoeXNpY2FsbHkgSW50ZXJhY3Qgd2l0aCBQREFzLnBkZgAADgCkAFEARgBhAHQAIABGAGkAbgBnAGUAcgAgAFcAbwByAHIAaQBlAHMALgAgAEgAbwB3ACAATwBsAGQAZQByACAAYQBuAGQAIABZAG8AdQBuAGcAZQByACAAVQBzAGUAcgBzACAAUABoAHkAcwBpAGMAYQBsAGwAeQAgAEkAbgB0AGUAcgBhAGMAdAAgAHcAaQB0AGgAIABQAEQAQQBzAC4AcABkAGYADwAaAAwATQBhAGMAaQBuAHQAbwBzAGgAIABIAEQAEgCdVXNlcnMvaGhvbnRoZWltL0Rlc2t0b3AvYmFjaGVsb3ItdGhlc2lzL2JpYmxpb2dyYXBoeS9zb3VyY2VzL2ZpbGVzL25vdC11c2VkL0ZhdCBGaW5nZXIgV29ycmllcy4gSG93IE9sZGVyIGFuZCBZb3VuZ2VyIFVzZXJzIFBoeXNpY2FsbHkgSW50ZXJhY3Qgd2l0aCBQREFzLnBkZgAAEwABLwAAFQACABD//wAAAAgADQAaACQAjwAAAAAAAAIBAAAAAAAAAAUAAAAAAAAAAAAAAAAAAANR},
	Bdsk-Url-1 = {https://link.springer.com/chapter/10.1007/11555261_24}}

@inproceedings{Zaphiris:2005:Age-Centered-Research-Based-Web-Design,
	Address = {New York, NY, USA},
	Author = {Zaphiris, Panayiotis and Ghiawadwala, Mariya and Mughal, Shabana},
	Booktitle = {CHI '05 Extended Abstracts on Human Factors in Computing Systems},
	Date-Added = {2020-04-24 11:06:49 +0200},
	Date-Modified = {2020-05-02 21:27:58 +0200},
	Doi = {10.1145/1056808.1057050},
	Isbn = {1595930027},
	Keywords = {web design guidelines, universal design, aging},
	Location = {Portland, OR, USA},
	Numpages = {4},
	Pages = {1897--1900},
	Publisher = {Association for Computing Machinery},
	Series = {CHI EA '05},
	Title = {Age-Centered Research-Based Web Design Guidelines},
	Url = {https://doi.org/10.1145/1056808.1057050},
	Year = {2005},
	Bdsk-File-1 = {YnBsaXN0MDDSAQIDBFxyZWxhdGl2ZVBhdGhZYWxpYXNEYXRhXxBGc291cmNlcy9maWxlcy91aS9BZ2UtY2VudGVyZWQgUmVzZWFyY2gtQmFzZWQgV2ViIERlc2lnbiBHdWlkZWxpbmVzLnBkZk8RAjwAAAAAAjwAAgAADE1hY2ludG9zaCBIRAAAAAAAAAAAAAAAAAAAAAAAAABCRAAB/////x9BZ2UtY2VudGVyZWQgUmVzZWEjRkZGRkZGRkYucGRmAAAAAAAAAAAAAAAAAAAAAAAAAAAAAAAAAAAAAAAAAAD/////AAAAAAAAAAAAAAAAAAEABQAACiBjdQAAAAAAAAAAAAAAAAACdWkAAgB9LzpVc2VyczpoaG9udGhlaW06RGVza3RvcDpiYWNoZWxvci10aGVzaXM6YmlibGlvZ3JhcGh5OnNvdXJjZXM6ZmlsZXM6dWk6QWdlLWNlbnRlcmVkIFJlc2VhcmNoLUJhc2VkIFdlYiBEZXNpZ24gR3VpZGVsaW5lcy5wZGYAAA4AbAA1AEEAZwBlAC0AYwBlAG4AdABlAHIAZQBkACAAUgBlAHMAZQBhAHIAYwBoAC0AQgBhAHMAZQBkACAAVwBlAGIAIABEAGUAcwBpAGcAbgAgAEcAdQBpAGQAZQBsAGkAbgBlAHMALgBwAGQAZgAPABoADABNAGEAYwBpAG4AdABvAHMAaAAgAEgARAASAHtVc2Vycy9oaG9udGhlaW0vRGVza3RvcC9iYWNoZWxvci10aGVzaXMvYmlibGlvZ3JhcGh5L3NvdXJjZXMvZmlsZXMvdWkvQWdlLWNlbnRlcmVkIFJlc2VhcmNoLUJhc2VkIFdlYiBEZXNpZ24gR3VpZGVsaW5lcy5wZGYAABMAAS8AABUAAgAQ//8AAAAIAA0AGgAkAG0AAAAAAAACAQAAAAAAAAAFAAAAAAAAAAAAAAAAAAACrQ==},
	Bdsk-Url-1 = {https://doi.org/10.1145/1056808.1057050}}

@inproceedings{Kurniawan:2005:Research-Derived-Web-Design-Guidelines,
	Address = {New York, NY, USA},
	Author = {Kurniawan, Sri and Zaphiris, Panayiotis},
	Booktitle = {Proceedings of the 7th International ACM SIGACCESS Conference on Computers and Accessibility},
	Date-Added = {2020-04-24 11:03:55 +0200},
	Date-Modified = {2020-05-02 21:27:58 +0200},
	Doi = {10.1145/1090785.1090810},
	Isbn = {1595931597},
	Keywords = {elderly, seniors, HCI, web design guidelines, ageing},
	Location = {Baltimore, MD, USA},
	Numpages = {7},
	Pages = {129--135},
	Publisher = {Association for Computing Machinery},
	Series = {Assets '05},
	Title = {Research-Derived Web Design Guidelines for Older People},
	Url = {https://doi.org/10.1145/1090785.1090810},
	Year = {2005},
	Bdsk-File-1 = {YnBsaXN0MDDSAQIDBFxyZWxhdGl2ZVBhdGhZYWxpYXNEYXRhXxBMc291cmNlcy9maWxlcy91aS9SZXNlYXJjaC1EZXJpdmVkIFdlYiBEZXNpZ24gR3VpZGVsaW5lcyBmb3IgT2xkZXIgUGVvcGxlLnBkZk8RAlQAAAAAAlQAAgAADE1hY2ludG9zaCBIRAAAAAAAAAAAAAAAAAAAAAAAAABCRAAB/////x9SZXNlYXJjaC1EZXJpdmVkIFcjRkZGRkZGRkYucGRmAAAAAAAAAAAAAAAAAAAAAAAAAAAAAAAAAAAAAAAAAAD/////AAAAAAAAAAAAAAAAAAEABQAACiBjdQAAAAAAAAAAAAAAAAACdWkAAgCDLzpVc2VyczpoaG9udGhlaW06RGVza3RvcDpiYWNoZWxvci10aGVzaXM6YmlibGlvZ3JhcGh5OnNvdXJjZXM6ZmlsZXM6dWk6UmVzZWFyY2gtRGVyaXZlZCBXZWIgRGVzaWduIEd1aWRlbGluZXMgZm9yIE9sZGVyIFBlb3BsZS5wZGYAAA4AeAA7AFIAZQBzAGUAYQByAGMAaAAtAEQAZQByAGkAdgBlAGQAIABXAGUAYgAgAEQAZQBzAGkAZwBuACAARwB1AGkAZABlAGwAaQBuAGUAcwAgAGYAbwByACAATwBsAGQAZQByACAAUABlAG8AcABsAGUALgBwAGQAZgAPABoADABNAGEAYwBpAG4AdABvAHMAaAAgAEgARAASAIFVc2Vycy9oaG9udGhlaW0vRGVza3RvcC9iYWNoZWxvci10aGVzaXMvYmlibGlvZ3JhcGh5L3NvdXJjZXMvZmlsZXMvdWkvUmVzZWFyY2gtRGVyaXZlZCBXZWIgRGVzaWduIEd1aWRlbGluZXMgZm9yIE9sZGVyIFBlb3BsZS5wZGYAABMAAS8AABUAAgAQ//8AAAAIAA0AGgAkAHMAAAAAAAACAQAAAAAAAAAFAAAAAAAAAAAAAAAAAAACyw==},
	Bdsk-Url-1 = {https://doi.org/10.1145/1090785.1090810}}

@online{Apple::WWDC-2014,
	Author = {{Apple Inc.}},
	Date-Added = {2020-04-22 15:31:06 +0200},
	Date-Modified = {2020-05-03 18:51:06 +0200},
	Title = {WWDC 2014},
	Url = {https://youtu.be/w87fOAG8fjk?t=6259},
	Bdsk-Url-1 = {https://youtu.be/w87fOAG8fjk?t=6259}}

@online{Apple::Swift-Documentation,
	Author = {{Apple Inc.}},
	Date-Added = {2020-04-22 00:58:44 +0200},
	Date-Modified = {2020-05-03 18:51:25 +0200},
	Title = {Swift Documentation},
	Url = {https://developer.apple.com/documentation/swift},
	Bdsk-Url-1 = {https://developer.apple.com/documentation/swift}}

@online{Apple::SwiftUI-Documentation,
	Author = {{Apple Inc.}},
	Date-Added = {2020-04-22 00:57:58 +0200},
	Date-Modified = {2020-05-03 18:51:22 +0200},
	Title = {SwiftUI Documentation},
	Url = {https://developer.apple.com/documentation/swiftui/},
	Bdsk-Url-1 = {https://developer.apple.com/documentation/swiftui/}}

@online{Apple::SwiftUI,
	Author = {{Apple Inc.}},
	Date-Added = {2020-04-22 00:56:33 +0200},
	Date-Modified = {2020-05-03 18:51:20 +0200},
	Title = {SwiftUI},
	Url = {https://developer.apple.com/xcode/swiftui/},
	Bdsk-Url-1 = {https://developer.apple.com/xcode/swiftui/}}

@online{Apple::The-Swift-Programming-Language,
	Author = {{Apple Inc.}},
	Date-Added = {2020-04-22 00:55:10 +0200},
	Date-Modified = {2020-05-03 18:51:19 +0200},
	Title = {The Swift Programming Language},
	Url = {https://swift.org},
	Bdsk-Url-1 = {https://swift.org}}

@online{Apple-Inc.::iBeacon,
	Author = {{Apple Inc.}},
	Date-Added = {2020-04-22 00:53:05 +0200},
	Date-Modified = {2020-06-01 17:04:34 +0200},
	Title = {iBeacon},
	Url = {https://developer.apple.com/ibeacon/},
	Bdsk-Url-1 = {https://developer.apple.com/ibeacon/}}

@phdthesis{Schmidt:2016:System-zur-Erinnerung-an-Medikamenteneinnahmen,
	Abstract = {Im fortschreitenden Alter f{\"a}llt es Menschen schwer, regelm{\"a}{\"s}ig Medikamente zum richtigen Zeitpunkt einzunehmen. Oft wird dies durch eine gro{\"s}e Anzahl verschiedener Medikamente noch erschwert, die {\"u}ber den Tag eingenommen werden m{\"u}ssen. In Zusammenarbeit mit dem Praktikum Informationssysteme/Telemedizinische Anwendungen an der Hochschule Heilbronn wird eine Smartwatch-Anwendung f{\"u}r die Apple Watch entwickelt. Diese basiert stark auf dezenten Benachrichtigungen am Handgelenk. Auch eine native Anwendung, die der Nutzer aktiv bedienen kann, wird erstellt. Die Anwendung ist aufgrund fehlender Prototypen-Werkzeuge f{\"u}r die Apple Watch nativ in Swift realisiert. Hierbei wird auf Swift als relativ neue Programmiersprache eingegangen. Die Evaluierung wird an station{\"a}ren Patienten im Alter von 70-85 vorgenommen. Die Aussage der Befragung ergibt, dass sich eine Uhr als Medium sehr gut eignet, da sie etwas Vertrautes ausstrahlt. Die touchscreen-basierte Steuerung f{\"a}llt aufgrund reduzierter sensomotorischer F{\"a}higkeiten der Probanden negativ auf. W{\"a}hrend die Benachrichtigung mit einhergehender Vibration sehr gut aufgenommen wird, ist die Interaktion mit der Uhr schwerf{\"a}llig. Die Patienten haben Probleme eine native Anwendung zu starten. In Zukunft k{\"o}nnten diese Probleme mit Hilfe von Accessibility Funktionen der Plattform gel{\"o}st werden. Weiter bietet die Uhr interessante Anwendungsm{\"o}glichkeiten Menschen im Alltag zu unterst{\"u}tzen.},
	Author = {Lukas Schmidt},
	Date-Added = {2020-04-20 20:57:33 +0200},
	Date-Modified = {2020-05-02 21:27:58 +0200},
	Language = {de},
	Title = {System zur Erinnerung an Medikamenteneinnahmen f{\"u}r die AppleWatch mit Blick auf Gebrauchstauglichkeit und Akzeptanz der Plattform},
	Type = {Bachelor Thesis},
	Url = {http://nbn-resolving.de/urn:nbn:de:bsz:840-opus4-1128},
	Year = {2016},
	Bdsk-File-1 = {YnBsaXN0MDDSAQIDBFxyZWxhdGl2ZVBhdGhZYWxpYXNEYXRhbxCWAHMAbwB1AHIAYwBlAHMALwB0AG8ALQBjAGgAZQBjAGsALwBTAHkAcwB0AGUAbQAgAHoAdQByACAARQByAGkAbgBuAGUAcgB1AG4AZwAgAGEAbgAgAE0AZQBkAGkAawBhAG0AZQBuAHQAZQBuAGUAaQBuAG4AYQBoAG0AZQBuACAAZgD8AHIAIABkAGkAZQAgAEEAcABwAGwAZQBXAGEAdABjAGgAIABtAGkAdAAgAEIAbABpAGMAawAgAGEAdQBmACAARwBlAGIAcgBhAHUAYwBoAHMAdABhAHUAZwBsAGkAYwBoAGsAZQBpAHQAIAB1AG4AZAAgAEEAawB6AGUAcAB0AGEAbgB6ACAAZABlAHIAIABQAGwAYQB0AHQAZgBvAHIAbQAuAHAAZABmTxEDggAAAAADggACAAAMTWFjaW50b3NoIEhEAAAAAAAAAAAAAAAAAAAAAAAAAEJEAAH/////H1N5c3RlbSB6dXIgRXJpbm5lciNGRkZGRkZGRi5wZGYAAAAAAAAAAAAAAAAAAAAAAAAAAAAAAAAAAAAAAAAAAP////8AAAAAAAAAAAAAAAAAAQAEAAAKIGN1AAAAAAAAAAAAAAAAAAh0by1jaGVjawACAM4vOlVzZXJzOmhob250aGVpbTpEZXNrdG9wOmJhY2hlbG9yLXRoZXNpczpiaWJsaW9ncmFwaHk6c291cmNlczp0by1jaGVjazpTeXN0ZW0genVyIEVyaW5uZXJ1bmcgYW4gTWVkaWthbWVudGVuZWlubmFobWVuIGbDvHIgZGllIEFwcGxlV2F0Y2ggbWl0IEJsaWNrIGF1ZiBHZWJyYXVjaHN0YXVnbGljaGtlaXQgdW5kIEFremVwdGFueiBkZXIgUGxhdHRmb3JtLnBkZgAOAQwAhQBTAHkAcwB0AGUAbQAgAHoAdQByACAARQByAGkAbgBuAGUAcgB1AG4AZwAgAGEAbgAgAE0AZQBkAGkAawBhAG0AZQBuAHQAZQBuAGUAaQBuAG4AYQBoAG0AZQBuACAAZgD8AHIAIABkAGkAZQAgAEEAcABwAGwAZQBXAGEAdABjAGgAIABtAGkAdAAgAEIAbABpAGMAawAgAGEAdQBmACAARwBlAGIAcgBhAHUAYwBoAHMAdABhAHUAZwBsAGkAYwBoAGsAZQBpAHQAIAB1AG4AZAAgAEEAawB6AGUAcAB0AGEAbgB6ACAAZABlAHIAIABQAGwAYQB0AHQAZgBvAHIAbQAuAHAAZABmAA8AGgAMAE0AYQBjAGkAbgB0AG8AcwBoACAASABEABIAzFVzZXJzL2hob250aGVpbS9EZXNrdG9wL2JhY2hlbG9yLXRoZXNpcy9iaWJsaW9ncmFwaHkvc291cmNlcy90by1jaGVjay9TeXN0ZW0genVyIEVyaW5uZXJ1bmcgYW4gTWVkaWthbWVudGVuZWlubmFobWVuIGbDvHIgZGllIEFwcGxlV2F0Y2ggbWl0IEJsaWNrIGF1ZiBHZWJyYXVjaHN0YXVnbGljaGtlaXQgdW5kIEFremVwdGFueiBkZXIgUGxhdHRmb3JtLnBkZgATAAEvAAAVAAIAEP//AAAACAANABoAJAFTAAAAAAAAAgEAAAAAAAAABQAAAAAAAAAAAAAAAAAABNk=},
	Bdsk-Url-1 = {http://nbn-resolving.de/urn:nbn:de:bsz:840-opus4-1128}}

@phdthesis{Krawietzek:2017:Eine-sichere-Schnittstelle,
	Author = {Krawietzek, Nicole},
	Date-Added = {2020-04-20 19:25:51 +0200},
	Date-Modified = {2020-05-02 21:27:58 +0200},
	School = {Universit{\"a}̈t Stuttgart},
	Title = {Eine sichere Schnittstelle zu Wearable Computers},
	Year = {2017},
	Bdsk-File-1 = {YnBsaXN0MDDSAQIDBFxyZWxhdGl2ZVBhdGhZYWxpYXNEYXRhXxBFc291cmNlcy90by1jaGVjay9FaW5lIHNpY2hlcmUgU2Nobml0dHN0ZWxsZSB6dSBXZWFyYWJsZSBDb21wdXRlcnMucGRmTxECPAAAAAACPAACAAAMTWFjaW50b3NoIEhEAAAAAAAAAAAAAAAAAAAAAAAAAEJEAAH/////H0VpbmUgc2ljaGVyZSBTY2huaSNGRkZGRkZGRi5wZGYAAAAAAAAAAAAAAAAAAAAAAAAAAAAAAAAAAAAAAAAAAP////8AAAAAAAAAAAAAAAAAAQAEAAAKIGN1AAAAAAAAAAAAAAAAAAh0by1jaGVjawACAHwvOlVzZXJzOmhob250aGVpbTpEZXNrdG9wOmJhY2hlbG9yLXRoZXNpczpiaWJsaW9ncmFwaHk6c291cmNlczp0by1jaGVjazpFaW5lIHNpY2hlcmUgU2Nobml0dHN0ZWxsZSB6dSBXZWFyYWJsZSBDb21wdXRlcnMucGRmAA4AagA0AEUAaQBuAGUAIABzAGkAYwBoAGUAcgBlACAAUwBjAGgAbgBpAHQAdABzAHQAZQBsAGwAZQAgAHoAdQAgAFcAZQBhAHIAYQBiAGwAZQAgAEMAbwBtAHAAdQB0AGUAcgBzAC4AcABkAGYADwAaAAwATQBhAGMAaQBuAHQAbwBzAGgAIABIAEQAEgB6VXNlcnMvaGhvbnRoZWltL0Rlc2t0b3AvYmFjaGVsb3ItdGhlc2lzL2JpYmxpb2dyYXBoeS9zb3VyY2VzL3RvLWNoZWNrL0VpbmUgc2ljaGVyZSBTY2huaXR0c3RlbGxlIHp1IFdlYXJhYmxlIENvbXB1dGVycy5wZGYAEwABLwAAFQACABD//wAAAAgADQAaACQAbAAAAAAAAAIBAAAAAAAAAAUAAAAAAAAAAAAAAAAAAAKs},
	Bdsk-Url-1 = {http://dx.doi.org/10.18419/opus-9961}}

@article{Almeida:2019:A-critical-analysis-of-an-IoT---aware,
	Abstract = {A growing number of elderly people (65+ years old) are affected by particular conditions, such as Mild Cognitive Impairment (MCI) and frailty, which are characterized by a gradual cognitive and physical decline. Early symptoms may spread across years and often they are noticed only at late stages, when the outcomes remain irrevocable and require costly intervention plans. Therefore, the clinical utility of early detecting these conditions is of substantial importance in order to avoid hospitalization and lessen the socio-economic costs of caring, while it may also significantly improve elderly people's quality of life. This work deals with a critical performance analysis of an Internet of Things aware Ambient Assisted Living (AAL) system for elderly monitoring. The analysis is focused on three main system components: (i) the City-wide data capturing layer, (ii) the Cloud-based centralized data management repository, and (iii) the risk analysis and prediction module. Each module can provide different operating modes, therefore the critical analysis aims at defining which are the best solutions according to context's needs. The proposed system architecture is used by the H2020 City4Age project to support geriatricians for the early detection of MCI and frailty conditions.},
	Author = {Aitor Almeida and Rub{\'e}n Mulero and Piercosimo Rametta and Vladimir Uro{\v s}evi{\'c} and Marina Andri{\'c} and Luigi Patrono},
	Date-Added = {2020-04-20 18:33:32 +0200},
	Date-Modified = {2020-05-02 21:27:58 +0200},
	Doi = {https://doi.org/10.1016/j.future.2019.03.019},
	Issn = {0167-739X},
	Journal = {Future Generation Computer Systems},
	Keywords = {Ambient assisted living, BLE, Internet of things, Big data, Data analytics, Performance},
	Pages = {598 - 619},
	Title = {A critical analysis of an IoT---aware AAL system for elderly monitoring},
	Url = {http://www.sciencedirect.com/science/article/pii/S0167739X18321769},
	Volume = {97},
	Year = {2019},
	Bdsk-File-1 = {YnBsaXN0MDDSAQIDBFxyZWxhdGl2ZVBhdGhZYWxpYXNEYXRhbxBaAHMAbwB1AHIAYwBlAHMALwB0AG8ALQBjAGgAZQBjAGsALwBBACAAYwByAGkAdABpAGMAYQBsACAAYQBuAGEAbAB5AHMAaQBzACAAbwBmACAAYQBuACAASQBvAFQgFABhAHcAYQByAGUAIABBAEEATAAgAHMAeQBzAHQAZQBtACAAZgBvAHIAIABlAGwAZABlAHIAbAB5ACAAbQBvAG4AaQB0AG8AcgBpAG4AZwAuAHAAZABmTxEClgAAAAAClgACAAAMTWFjaW50b3NoIEhEAAAAAAAAAAAAAAAAAAAAAAAAAEJEAAH/////H0EgY3JpdGljYWwgYW5hbHlzaSNGRkZGRkZGRi5wZGYAAAAAAAAAAAAAAAAAAAAAAAAAAAAAAAAAAAAAAAAAAP////8AAAAAAAAAAAAAAAAAAQAEAAAKIGN1AAAAAAAAAAAAAAAAAAh0by1jaGVjawACAJMvOlVzZXJzOmhob250aGVpbTpEZXNrdG9wOmJhY2hlbG9yLXRoZXNpczpiaWJsaW9ncmFwaHk6c291cmNlczp0by1jaGVjazpBIGNyaXRpY2FsIGFuYWx5c2lzIG9mIGFuIElvVOKAlGF3YXJlIEFBTCBzeXN0ZW0gZm9yIGVsZGVybHkgbW9uaXRvcmluZy5wZGYAAA4AlABJAEEAIABjAHIAaQB0AGkAYwBhAGwAIABhAG4AYQBsAHkAcwBpAHMAIABvAGYAIABhAG4AIABJAG8AVCAUAGEAdwBhAHIAZQAgAEEAQQBMACAAcwB5AHMAdABlAG0AIABmAG8AcgAgAGUAbABkAGUAcgBsAHkAIABtAG8AbgBpAHQAbwByAGkAbgBnAC4AcABkAGYADwAaAAwATQBhAGMAaQBuAHQAbwBzAGgAIABIAEQAEgCRVXNlcnMvaGhvbnRoZWltL0Rlc2t0b3AvYmFjaGVsb3ItdGhlc2lzL2JpYmxpb2dyYXBoeS9zb3VyY2VzL3RvLWNoZWNrL0EgY3JpdGljYWwgYW5hbHlzaXMgb2YgYW4gSW9U4oCUYXdhcmUgQUFMIHN5c3RlbSBmb3IgZWxkZXJseSBtb25pdG9yaW5nLnBkZgAAEwABLwAAFQACABD//wAAAAgADQAaACQA2wAAAAAAAAIBAAAAAAAAAAUAAAAAAAAAAAAAAAAAAAN1},
	Bdsk-Url-1 = {https://doi.org/10.1016/j.future.2019.03.019}}

@phdthesis{Hellman:2015:Anforderungen-an-Benutzerschnittstellen-fur-Ambient,
	Author = {Hellman, Daniel},
	Date-Added = {2020-04-20 18:26:47 +0200},
	Date-Modified = {2020-05-02 21:27:58 +0200},
	School = {Hochschule Bonn-Rhein-Sieg},
	Title = {Anforderungen an Benutzerschnittstellen f{\"u}r Ambient Assisted Living (AAL) am Beispiel der Funktionssteuerung mit einer Smartwatch},
	Year = {2015},
	Bdsk-File-1 = {YnBsaXN0MDDSAQIDBFxyZWxhdGl2ZVBhdGhZYWxpYXNEYXRhbxCWAHMAbwB1AHIAYwBlAHMALwB0AG8ALQBjAGgAZQBjAGsALwBBAG4AZgBvAHIAZABlAHIAdQBuAGcAZQBuACAAYQBuACAAQgBlAG4AdQB0AHoAZQByAHMAYwBoAG4AaQB0AHQAcwB0AGUAbABsAGUAbgAgAGYA/AByACAAQQBtAGIAaQBlAG4AdAAgAEEAcwBzAGkAcwB0AGUAZAAgAEwAaQB2AGkAbgBnACAAKABBAEEATAApACAAYQBtACAAQgBlAGkAcwBwAGkAZQBsACAAZABlAHIAIABGAHUAbgBrAHQAaQBvAG4AcwBzAHQAZQB1AGUAcgB1AG4AZwAgAG0AaQB0ACAAZQBpAG4AZQByACAAUwBtAGEAcgB0AHcAYQB0AGMAaAAuAHAAZABmTxEDggAAAAADggACAAAMTWFjaW50b3NoIEhEAAAAAAAAAAAAAAAAAAAAAAAAAEJEAAH/////H0FuZm9yZGVydW5nZW4gYW4gQiNGRkZGRkZGRi5wZGYAAAAAAAAAAAAAAAAAAAAAAAAAAAAAAAAAAAAAAAAAAP////8AAAAAAAAAAAAAAAAAAQAEAAAKIGN1AAAAAAAAAAAAAAAAAAh0by1jaGVjawACAM4vOlVzZXJzOmhob250aGVpbTpEZXNrdG9wOmJhY2hlbG9yLXRoZXNpczpiaWJsaW9ncmFwaHk6c291cmNlczp0by1jaGVjazpBbmZvcmRlcnVuZ2VuIGFuIEJlbnV0emVyc2Nobml0dHN0ZWxsZW4gZsO8ciBBbWJpZW50IEFzc2lzdGVkIExpdmluZyAoQUFMKSBhbSBCZWlzcGllbCBkZXIgRnVua3Rpb25zc3RldWVydW5nIG1pdCBlaW5lciBTbWFydHdhdGNoLnBkZgAOAQwAhQBBAG4AZgBvAHIAZABlAHIAdQBuAGcAZQBuACAAYQBuACAAQgBlAG4AdQB0AHoAZQByAHMAYwBoAG4AaQB0AHQAcwB0AGUAbABsAGUAbgAgAGYA/AByACAAQQBtAGIAaQBlAG4AdAAgAEEAcwBzAGkAcwB0AGUAZAAgAEwAaQB2AGkAbgBnACAAKABBAEEATAApACAAYQBtACAAQgBlAGkAcwBwAGkAZQBsACAAZABlAHIAIABGAHUAbgBrAHQAaQBvAG4AcwBzAHQAZQB1AGUAcgB1AG4AZwAgAG0AaQB0ACAAZQBpAG4AZQByACAAUwBtAGEAcgB0AHcAYQB0AGMAaAAuAHAAZABmAA8AGgAMAE0AYQBjAGkAbgB0AG8AcwBoACAASABEABIAzFVzZXJzL2hob250aGVpbS9EZXNrdG9wL2JhY2hlbG9yLXRoZXNpcy9iaWJsaW9ncmFwaHkvc291cmNlcy90by1jaGVjay9BbmZvcmRlcnVuZ2VuIGFuIEJlbnV0emVyc2Nobml0dHN0ZWxsZW4gZsO8ciBBbWJpZW50IEFzc2lzdGVkIExpdmluZyAoQUFMKSBhbSBCZWlzcGllbCBkZXIgRnVua3Rpb25zc3RldWVydW5nIG1pdCBlaW5lciBTbWFydHdhdGNoLnBkZgATAAEvAAAVAAIAEP//AAAACAANABoAJAFTAAAAAAAAAgEAAAAAAAAABQAAAAAAAAAAAAAAAAAABNk=},
	Bdsk-Url-1 = {https://www.h-brs.de/de/inf/mclab/publikationen-home-automation}}

@inproceedings{Burkhard:2012:Evaluating-Touchscreen-Interfaces,
	Address = {M{\"u}nchen},
	Author = {Burkhard, Martin AND Koch, Michael},
	Booktitle = {Mensch \& Computer 2012 -- Workshopband: interaktiv informiert -- allgegenw{\"a}rtig und allumfassend!?},
	Date-Added = {2020-04-20 18:08:00 +0200},
	Date-Modified = {2020-05-03 18:35:09 +0200},
	Editor = {Reiterer, Harald AND Deussen, Oliver},
	Pages = {53-59},
	Publisher = {Oldenbourg Verlag},
	Title = {Evaluating Touchscreen Interfaces of Tablet Computers for Elderly People},
	Year = {2012},
	Bdsk-File-1 = {YnBsaXN0MDDSAQIDBFxyZWxhdGl2ZVBhdGhZYWxpYXNEYXRhXxBdc291cmNlcy9maWxlcy91aS9FdmFsdWF0aW5nIFRvdWNoc2NyZWVuIEludGVyZmFjZXMgb2YgVGFibGV0IENvbXB1dGVycyBmb3IgRWxkZXJseSBQZW9wbGUucGRmTxEClgAAAAAClgACAAAMTWFjaW50b3NoIEhEAAAAAAAAAAAAAAAAAAAAAAAAAEJEAAH/////H0V2YWx1YXRpbmcgVG91Y2hzYyNGRkZGRkZGRi5wZGYAAAAAAAAAAAAAAAAAAAAAAAAAAAAAAAAAAAAAAAAAAP////8AAAAAAAAAAAAAAAAAAQAFAAAKIGN1AAAAAAAAAAAAAAAAAAJ1aQACAJQvOlVzZXJzOmhob250aGVpbTpEZXNrdG9wOmJhY2hlbG9yLXRoZXNpczpiaWJsaW9ncmFwaHk6c291cmNlczpmaWxlczp1aTpFdmFsdWF0aW5nIFRvdWNoc2NyZWVuIEludGVyZmFjZXMgb2YgVGFibGV0IENvbXB1dGVycyBmb3IgRWxkZXJseSBQZW9wbGUucGRmAA4AmgBMAEUAdgBhAGwAdQBhAHQAaQBuAGcAIABUAG8AdQBjAGgAcwBjAHIAZQBlAG4AIABJAG4AdABlAHIAZgBhAGMAZQBzACAAbwBmACAAVABhAGIAbABlAHQAIABDAG8AbQBwAHUAdABlAHIAcwAgAGYAbwByACAARQBsAGQAZQByAGwAeQAgAFAAZQBvAHAAbABlAC4AcABkAGYADwAaAAwATQBhAGMAaQBuAHQAbwBzAGgAIABIAEQAEgCSVXNlcnMvaGhvbnRoZWltL0Rlc2t0b3AvYmFjaGVsb3ItdGhlc2lzL2JpYmxpb2dyYXBoeS9zb3VyY2VzL2ZpbGVzL3VpL0V2YWx1YXRpbmcgVG91Y2hzY3JlZW4gSW50ZXJmYWNlcyBvZiBUYWJsZXQgQ29tcHV0ZXJzIGZvciBFbGRlcmx5IFBlb3BsZS5wZGYAEwABLwAAFQACABD//wAAAAgADQAaACQAhAAAAAAAAAIBAAAAAAAAAAUAAAAAAAAAAAAAAAAAAAMe},
	Bdsk-Url-1 = {https://dl.gi.de/handle/20.500.12116/7748}}

@inproceedings{Darroch:2005:The-Effect-of-Age-and-Font-Size,
	Abstract = {Though there have been many studies of computer based text reading, only a few have considered the small screens of handheld computers. This paper presents an investigation into the effect of varying font size between 2 and 16 point on reading text on a handheld computer. By using both older and younger participants the possible effects of age were examined. Reading speed and accuracy were measured and subjective views of participants recorded. Objective results showed that there was little difference in reading performance above 6 point, but subjective comments from participants showed a preference for sizes in the middle range. We therefore suggest, for reading tasks, that designers of interfaces for mobile computers provide fonts in the range of 8-12 point to maximize readability for the widest range of users.},
	Address = {Berlin, Heidelberg},
	Author = {Darroch, Iain and Goodman, Joy and Brewster, Stephen and Gray, Phil},
	Booktitle = {Human-Computer Interaction - INTERACT 2005},
	Date-Added = {2020-04-20 18:05:18 +0200},
	Date-Modified = {2020-05-02 21:27:58 +0200},
	Editor = {Costabile, Maria Francesca and Patern{\`o}, Fabio},
	Isbn = {978-3-540-31722-7},
	Pages = {253--266},
	Publisher = {Springer Berlin Heidelberg},
	Title = {The Effect of Age and Font Size on Reading Text on Handheld Computers},
	Year = {2005},
	Bdsk-File-1 = {YnBsaXN0MDDSAQIDBFxyZWxhdGl2ZVBhdGhZYWxpYXNEYXRhXxBac291cmNlcy9maWxlcy91aS9UaGUgRWZmZWN0IG9mIEFnZSBhbmQgRm9udCBTaXplIG9uIFJlYWRpbmcgVGV4dCBvbiBIYW5kaGVsZCBDb21wdXRlcnMucGRmTxECjAAAAAACjAACAAAMTWFjaW50b3NoIEhEAAAAAAAAAAAAAAAAAAAAAAAAAEJEAAH/////H1RoZSBFZmZlY3Qgb2YgQWdlICNGRkZGRkZGRi5wZGYAAAAAAAAAAAAAAAAAAAAAAAAAAAAAAAAAAAAAAAAAAP////8AAAAAAAAAAAAAAAAAAQAFAAAKIGN1AAAAAAAAAAAAAAAAAAJ1aQACAJEvOlVzZXJzOmhob250aGVpbTpEZXNrdG9wOmJhY2hlbG9yLXRoZXNpczpiaWJsaW9ncmFwaHk6c291cmNlczpmaWxlczp1aTpUaGUgRWZmZWN0IG9mIEFnZSBhbmQgRm9udCBTaXplIG9uIFJlYWRpbmcgVGV4dCBvbiBIYW5kaGVsZCBDb21wdXRlcnMucGRmAAAOAJQASQBUAGgAZQAgAEUAZgBmAGUAYwB0ACAAbwBmACAAQQBnAGUAIABhAG4AZAAgAEYAbwBuAHQAIABTAGkAegBlACAAbwBuACAAUgBlAGEAZABpAG4AZwAgAFQAZQB4AHQAIABvAG4AIABIAGEAbgBkAGgAZQBsAGQAIABDAG8AbQBwAHUAdABlAHIAcwAuAHAAZABmAA8AGgAMAE0AYQBjAGkAbgB0AG8AcwBoACAASABEABIAj1VzZXJzL2hob250aGVpbS9EZXNrdG9wL2JhY2hlbG9yLXRoZXNpcy9iaWJsaW9ncmFwaHkvc291cmNlcy9maWxlcy91aS9UaGUgRWZmZWN0IG9mIEFnZSBhbmQgRm9udCBTaXplIG9uIFJlYWRpbmcgVGV4dCBvbiBIYW5kaGVsZCBDb21wdXRlcnMucGRmAAATAAEvAAAVAAIAEP//AAAACAANABoAJACBAAAAAAAAAgEAAAAAAAAABQAAAAAAAAAAAAAAAAAAAxE=},
	Bdsk-Url-1 = {https://link.springer.com/chapter/10.1007/11555261_23}}

@inproceedings{Guerreiro:2010:Towards-Accessible-Touch,
	Address = {New York, NY, USA},
	Author = {Guerreiro, Tiago and Nicolau, Hugo and Jorge, Joaquim and Gon\c{c}alves, Daniel},
	Booktitle = {Proceedings of the 12th International ACM SIGACCESS Conference on Computers and Accessibility},
	Date-Added = {2020-04-20 17:56:12 +0200},
	Date-Modified = {2020-05-02 21:27:58 +0200},
	Doi = {10.1145/1878803.1878809},
	Isbn = {9781605588810},
	Keywords = {evaluation, tetraplegic, touch screen, interaction techniques, mobile device},
	Location = {Orlando, Florida, USA},
	Numpages = {8},
	Pages = {19--26},
	Publisher = {Association for Computing Machinery},
	Series = {ASSETS '10},
	Title = {Towards Accessible Touch Interfaces},
	Url = {https://doi.org/10.1145/1878803.1878809},
	Year = {2010},
	Bdsk-File-1 = {YnBsaXN0MDDSAQIDBFxyZWxhdGl2ZVBhdGhZYWxpYXNEYXRhXxA4c291cmNlcy9maWxlcy91aS9Ub3dhcmRzIEFjY2Vzc2libGUgVG91Y2ggSW50ZXJmYWNlcy5wZGZPEQIEAAAAAAIEAAIAAAxNYWNpbnRvc2ggSEQAAAAAAAAAAAAAAAAAAAAAAAAAQkQAAf////8fVG93YXJkcyBBY2Nlc3NpYmxlI0ZGRkZGRkZGLnBkZgAAAAAAAAAAAAAAAAAAAAAAAAAAAAAAAAAAAAAAAAAA/////wAAAAAAAAAAAAAAAAABAAUAAAogY3UAAAAAAAAAAAAAAAAAAnVpAAIAby86VXNlcnM6aGhvbnRoZWltOkRlc2t0b3A6YmFjaGVsb3ItdGhlc2lzOmJpYmxpb2dyYXBoeTpzb3VyY2VzOmZpbGVzOnVpOlRvd2FyZHMgQWNjZXNzaWJsZSBUb3VjaCBJbnRlcmZhY2VzLnBkZgAADgBQACcAVABvAHcAYQByAGQAcwAgAEEAYwBjAGUAcwBzAGkAYgBsAGUAIABUAG8AdQBjAGgAIABJAG4AdABlAHIAZgBhAGMAZQBzAC4AcABkAGYADwAaAAwATQBhAGMAaQBuAHQAbwBzAGgAIABIAEQAEgBtVXNlcnMvaGhvbnRoZWltL0Rlc2t0b3AvYmFjaGVsb3ItdGhlc2lzL2JpYmxpb2dyYXBoeS9zb3VyY2VzL2ZpbGVzL3VpL1Rvd2FyZHMgQWNjZXNzaWJsZSBUb3VjaCBJbnRlcmZhY2VzLnBkZgAAEwABLwAAFQACABD//wAAAAgADQAaACQAXwAAAAAAAAIBAAAAAAAAAAUAAAAAAAAAAAAAAAAAAAJn},
	Bdsk-Url-1 = {https://doi.org/10.1145/1878803.1878809}}

@article{Salman:2018:Usability-Evaluation-of-the-Smartphone,
	Abstract = {Despite the necessity for smartphones to be designed to better accommodate the elderly user, currently available smartphone user interfaces (UIs) do not appear to be optimized for that purpose. The objectives of this paper are to identify the potential usability problems among elderly adults when interacting with a smartphone's UI, and recommend improvements to UI designs. The heuristic evaluation technique was used to determine the anticipated usability problems. SMASH, a set of 12 usability heuristics for smartphone and mobile applications was applied within a controlled environment, with five experts with the necessary competence to perform the evaluation. The results of the study indicated that there were 27 usability problems and 27 heuristic violations encountered. ``Minimize the user's memory load''and ``match between system and real world''were the two most frequently violated heuristics. This study was complemented by testing with elderly people, and the results show that 79.17\% of the problems experienced by the elderly were predicted by the experts. Usability problems were classified into four categories: 1) appearance; 2) language; 3) dialogue; and 4) information. Problems categories were further divided into sub-categories, and design solutions were suggested for each sub-category. This study's findings contribute to understanding the problems that hinder elderly users in using smartphones and provide valuable feedback to designers of smartphone technology regarding improvements to the UI to better suit the elderly.},
	Author = {H. M. {Salman} and W. F. {Wan Ahmad} and S. {Sulaiman}},
	Date-Added = {2020-04-20 16:31:56 +0200},
	Date-Modified = {2020-05-04 17:21:37 +0200},
	Doi = {10.1109/ACCESS.2018.2827358},
	Issn = {2169-3536},
	Journal = {IEEE Access},
	Keywords = {geriatrics;human factors;smart phones;user interfaces;usability evaluation;smartphone user interface;elderly user;potential usability problems;elderly adults;UI designs;heuristic evaluation technique;anticipated usability problems;smartphone applications;mobile applications;frequently violated heuristics;elderly people;problems categories;hinder elderly users;usability problems;Usability;Senior citizens;Human computer interaction;Mobile applications;Mobile handsets;Performance evaluation;Usability;heuristic evaluation;smartphone;user interface;elderly},
	Pages = {22578-22591},
	Title = {Usability Evaluation of the Smartphone User Interface in Supporting Elderly Users From Experts' Perspective},
	Volume = {6},
	Year = {2018},
	Bdsk-File-1 = {YnBsaXN0MDDSAQIDBFxyZWxhdGl2ZVBhdGhZYWxpYXNEYXRhbxCAAHMAbwB1AHIAYwBlAHMALwBmAGkAbABlAHMALwB1AGkALwBVAHMAYQBiAGkAbABpAHQAeQAgAEUAdgBhAGwAdQBhAHQAaQBvAG4AIABvAGYAIAB0AGgAZQAgAFMAbQBhAHIAdABwAGgAbwBuAGUAIABVAHMAZQByACAASQBuAHQAZQByAGYAYQBjAGUAIABpAG4AIABTAHUAcABwAG8AcgB0AGkAbgBnACAARQBsAGQAZQByAGwAeQAgAFUAcwBlAHIAcwAgAEYAcgBvAG0AIABFAHgAcABlAHIAdABzIBkAIABQAGUAcgBzAHAAZQBjAHQAaQB2AGUALgBwAGQAZk8RAygAAAAAAygAAgAADE1hY2ludG9zaCBIRAAAAAAAAAAAAAAAAAAAAAAAAABCRAAB/////x9Vc2FiaWxpdHkgRXZhbHVhdGkjRkZGRkZGRkYucGRmAAAAAAAAAAAAAAAAAAAAAAAAAAAAAAAAAAAAAAAAAAD/////AAAAAAAAAAAAAAAAAAEABQAACiBjdQAAAAAAAAAAAAAAAAACdWkAAgC5LzpVc2VyczpoaG9udGhlaW06RGVza3RvcDpiYWNoZWxvci10aGVzaXM6YmlibGlvZ3JhcGh5OnNvdXJjZXM6ZmlsZXM6dWk6VXNhYmlsaXR5IEV2YWx1YXRpb24gb2YgdGhlIFNtYXJ0cGhvbmUgVXNlciBJbnRlcmZhY2UgaW4gU3VwcG9ydGluZyBFbGRlcmx5IFVzZXJzIEZyb20gRXhwZXJ0c+KAmSBQZXJzcGVjdGl2ZS5wZGYAAA4A4ABvAFUAcwBhAGIAaQBsAGkAdAB5ACAARQB2AGEAbAB1AGEAdABpAG8AbgAgAG8AZgAgAHQAaABlACAAUwBtAGEAcgB0AHAAaABvAG4AZQAgAFUAcwBlAHIAIABJAG4AdABlAHIAZgBhAGMAZQAgAGkAbgAgAFMAdQBwAHAAbwByAHQAaQBuAGcAIABFAGwAZABlAHIAbAB5ACAAVQBzAGUAcgBzACAARgByAG8AbQAgAEUAeABwAGUAcgB0AHMgGQAgAFAAZQByAHMAcABlAGMAdABpAHYAZQAuAHAAZABmAA8AGgAMAE0AYQBjAGkAbgB0AG8AcwBoACAASABEABIAt1VzZXJzL2hob250aGVpbS9EZXNrdG9wL2JhY2hlbG9yLXRoZXNpcy9iaWJsaW9ncmFwaHkvc291cmNlcy9maWxlcy91aS9Vc2FiaWxpdHkgRXZhbHVhdGlvbiBvZiB0aGUgU21hcnRwaG9uZSBVc2VyIEludGVyZmFjZSBpbiBTdXBwb3J0aW5nIEVsZGVybHkgVXNlcnMgRnJvbSBFeHBlcnRz4oCZIFBlcnNwZWN0aXZlLnBkZgAAEwABLwAAFQACABD//wAAAAgADQAaACQBJwAAAAAAAAIBAAAAAAAAAAUAAAAAAAAAAAAAAAAAAART},
	Bdsk-Url-1 = {https://doi.org/10.1109/ACCESS.2018.2827358}}

@inproceedings{Leonardi:2010:An-Exploratory-Study-of-a-Touch-Based,
	Address = {New York, NY, USA},
	Author = {Leonardi, Chiara and Albertini, Adriano and Pianesi, Fabio and Zancanaro, Massimo},
	Booktitle = {Proceedings of the 6th Nordic Conference on Human-Computer Interaction: Extending Boundaries},
	Date-Added = {2020-04-20 16:24:42 +0200},
	Date-Modified = {2020-05-02 21:27:58 +0200},
	Doi = {10.1145/1868914.1869045},
	Isbn = {9781605589343},
	Keywords = {gestural interfaces, Elderly, familiarity-based design, touch-based interfaces},
	Location = {Reykjavik, Iceland},
	Numpages = {6},
	Pages = {845--850},
	Publisher = {Association for Computing Machinery},
	Series = {NordiCHI '10},
	Title = {An Exploratory Study of a Touch-Based Gestural Interface for Elderly},
	Url = {https://doi.org/10.1145/1868914.1869045},
	Year = {2010},
	Bdsk-File-1 = {YnBsaXN0MDDSAQIDBFxyZWxhdGl2ZVBhdGhZYWxpYXNEYXRhXxBZc291cmNlcy9maWxlcy91aS9BbiBFeHBsb3JhdG9yeSBTdHVkeSBvZiBhIFRvdWNoLWJhc2VkIEdlc3R1cmFsIEludGVyZmFjZSBmb3IgRWxkZXJseS5wZGZPEQKGAAAAAAKGAAIAAAxNYWNpbnRvc2ggSEQAAAAAAAAAAAAAAAAAAAAAAAAAQkQAAf////8fQW4gRXhwbG9yYXRvcnkgU3R1I0ZGRkZGRkZGLnBkZgAAAAAAAAAAAAAAAAAAAAAAAAAAAAAAAAAAAAAAAAAA/////wAAAAAAAAAAAAAAAAABAAUAAAogY3UAAAAAAAAAAAAAAAAAAnVpAAIAkC86VXNlcnM6aGhvbnRoZWltOkRlc2t0b3A6YmFjaGVsb3ItdGhlc2lzOmJpYmxpb2dyYXBoeTpzb3VyY2VzOmZpbGVzOnVpOkFuIEV4cGxvcmF0b3J5IFN0dWR5IG9mIGEgVG91Y2gtYmFzZWQgR2VzdHVyYWwgSW50ZXJmYWNlIGZvciBFbGRlcmx5LnBkZgAOAJIASABBAG4AIABFAHgAcABsAG8AcgBhAHQAbwByAHkAIABTAHQAdQBkAHkAIABvAGYAIABhACAAVABvAHUAYwBoAC0AYgBhAHMAZQBkACAARwBlAHMAdAB1AHIAYQBsACAASQBuAHQAZQByAGYAYQBjAGUAIABmAG8AcgAgAEUAbABkAGUAcgBsAHkALgBwAGQAZgAPABoADABNAGEAYwBpAG4AdABvAHMAaAAgAEgARAASAI5Vc2Vycy9oaG9udGhlaW0vRGVza3RvcC9iYWNoZWxvci10aGVzaXMvYmlibGlvZ3JhcGh5L3NvdXJjZXMvZmlsZXMvdWkvQW4gRXhwbG9yYXRvcnkgU3R1ZHkgb2YgYSBUb3VjaC1iYXNlZCBHZXN0dXJhbCBJbnRlcmZhY2UgZm9yIEVsZGVybHkucGRmABMAAS8AABUAAgAQ//8AAAAIAA0AGgAkAIAAAAAAAAACAQAAAAAAAAAFAAAAAAAAAAAAAAAAAAADCg==},
	Bdsk-Url-1 = {https://doi.org/10.1145/1868914.1869045}}

@online{Web-Accessibility-Initiative::Older-Users-and-Web-Accessibility:,
	Author = {{Web Accessibility Initiative}},
	Date-Added = {2020-04-20 16:18:42 +0200},
	Date-Modified = {2020-05-02 21:50:49 +0200},
	Title = {Older Users and Web Accessibility: Meeting the Needs of Ageing Web Users},
	Url = {https://www.w3.org/WAI/older-users/},
	Bdsk-Url-1 = {https://www.w3.org/WAI/older-users/}}

@article{Murata:2005:Usability-of-Touch-Panel-Interfaces,
	Abstract = { The usability of a touch-panel interface was compared among young, middle-aged, and older adults. In addition, a performance model of a touch panel was developed so that pointing time could be predicted with higher accuracy. Moreover, the target location to which a participant could point most quickly was determined. The pointing time with a PC mouse was longer for the older adults than for the other age groups, whereas there were no significant differences in pointing time among the three age groups when a touch-panel interface was used. Pointing to the center of a square target led to the fastest pointing time among nine target locations. Based on these results, we offer some guidelines for the design of touch-panel interfaces and show implications for users of different age groups. Actual or potential applications of this research include designing touch-panel interfaces to make them accessible for older adults and predicting movement times when users operate such devices. },
	Author = {Atsuo Murata and Hirokazu Iwase},
	Date-Added = {2020-04-20 16:15:53 +0200},
	Date-Modified = {2020-05-02 21:27:58 +0200},
	Doi = {10.1518/001872005775570952},
	Eprint = {https://doi.org/10.1518/001872005775570952},
	Journal = {Human Factors},
	Note = {PMID: 16553065},
	Number = {4},
	Pages = {767-776},
	Title = {Usability of Touch-Panel Interfaces for Older Adults},
	Url = {https://doi.org/10.1518/001872005775570952},
	Volume = {47},
	Year = {2005},
	Bdsk-File-1 = {YnBsaXN0MDDSAQIDBFxyZWxhdGl2ZVBhdGhZYWxpYXNEYXRhXxBJc291cmNlcy9maWxlcy91aS9Vc2FiaWxpdHkgb2YgVG91Y2gtUGFuZWwgSW50ZXJmYWNlcyBmb3IgT2xkZXIgQWR1bHRzLnBkZk8RAkYAAAAAAkYAAgAADE1hY2ludG9zaCBIRAAAAAAAAAAAAAAAAAAAAAAAAABCRAAB/////x9Vc2FiaWxpdHkgb2YgVG91Y2gjRkZGRkZGRkYucGRmAAAAAAAAAAAAAAAAAAAAAAAAAAAAAAAAAAAAAAAAAAD/////AAAAAAAAAAAAAAAAAAEABQAACiBjdQAAAAAAAAAAAAAAAAACdWkAAgCALzpVc2VyczpoaG9udGhlaW06RGVza3RvcDpiYWNoZWxvci10aGVzaXM6YmlibGlvZ3JhcGh5OnNvdXJjZXM6ZmlsZXM6dWk6VXNhYmlsaXR5IG9mIFRvdWNoLVBhbmVsIEludGVyZmFjZXMgZm9yIE9sZGVyIEFkdWx0cy5wZGYADgByADgAVQBzAGEAYgBpAGwAaQB0AHkAIABvAGYAIABUAG8AdQBjAGgALQBQAGEAbgBlAGwAIABJAG4AdABlAHIAZgBhAGMAZQBzACAAZgBvAHIAIABPAGwAZABlAHIAIABBAGQAdQBsAHQAcwAuAHAAZABmAA8AGgAMAE0AYQBjAGkAbgB0AG8AcwBoACAASABEABIAflVzZXJzL2hob250aGVpbS9EZXNrdG9wL2JhY2hlbG9yLXRoZXNpcy9iaWJsaW9ncmFwaHkvc291cmNlcy9maWxlcy91aS9Vc2FiaWxpdHkgb2YgVG91Y2gtUGFuZWwgSW50ZXJmYWNlcyBmb3IgT2xkZXIgQWR1bHRzLnBkZgATAAEvAAAVAAIAEP//AAAACAANABoAJABwAAAAAAAAAgEAAAAAAAAABQAAAAAAAAAAAAAAAAAAAro=},
	Bdsk-Url-1 = {https://doi.org/10.1518/001872005775570952}}

@inproceedings{Kobayashi:2011:Elderly-User-Evaluation,
	Abstract = {Smartphones with touchscreen-based interfaces are increasingly used by non-technical groups including the elderly. However, application developers have little understanding of how senior users interact with their products and of how to design senior-friendly interfaces. As an initial study to assess standard mobile touchscreen interfaces for the elderly, we conducted performance measurements and observational evaluations of 20 elderly participants. The tasks included performing basic gestures such as taps, drags, and pinching motions and using basic interactive components such as software keyboards and photo viewers. We found that mobile touchscreens were generally easy for the elderly to use and a week's experience generally improved their proficiency. However, careful observations identified several typical problems that should be addressed in future interfaces. We discuss the implications of our experiments, seeking to provide informal guidelines for application developers to design better interfaces for elderly people.},
	Address = {Berlin, Heidelberg},
	Author = {Kobayashi, Masatomo and Hiyama, Atsushi and Miura, Takahiro and Asakawa, Chieko and Hirose, Michitaka and Ifukube, Tohru},
	Booktitle = {Human-Computer Interaction -- INTERACT 2011},
	Date-Added = {2020-04-20 16:00:34 +0200},
	Date-Modified = {2020-05-02 21:27:58 +0200},
	Editor = {Campos, Pedro and Graham, Nicholas and Jorge, Joaquim and Nunes, Nuno and Palanque, Philippe and Winckler, Marco},
	Isbn = {978-3-642-23774-4},
	Pages = {83--99},
	Publisher = {Springer Berlin Heidelberg},
	Title = {Elderly User Evaluation of Mobile Touchscreen Interactions},
	Year = {2011},
	Bdsk-File-1 = {YnBsaXN0MDDSAQIDBFxyZWxhdGl2ZVBhdGhZYWxpYXNEYXRhXxBPc291cmNlcy90by1jaGVjay9FbGRlcmx5IFVzZXIgRXZhbHVhdGlvbiBvZiBNb2JpbGUgVG91Y2hzY3JlZW4gSW50ZXJhY3Rpb25zLnBkZk8RAmQAAAAAAmQAAgAADE1hY2ludG9zaCBIRAAAAAAAAAAAAAAAAAAAAAAAAABCRAAB/////x9FbGRlcmx5IFVzZXIgRXZhbHUjRkZGRkZGRkYucGRmAAAAAAAAAAAAAAAAAAAAAAAAAAAAAAAAAAAAAAAAAAD/////AAAAAAAAAAAAAAAAAAEABAAACiBjdQAAAAAAAAAAAAAAAAAIdG8tY2hlY2sAAgCGLzpVc2VyczpoaG9udGhlaW06RGVza3RvcDpiYWNoZWxvci10aGVzaXM6YmlibGlvZ3JhcGh5OnNvdXJjZXM6dG8tY2hlY2s6RWxkZXJseSBVc2VyIEV2YWx1YXRpb24gb2YgTW9iaWxlIFRvdWNoc2NyZWVuIEludGVyYWN0aW9ucy5wZGYADgB+AD4ARQBsAGQAZQByAGwAeQAgAFUAcwBlAHIAIABFAHYAYQBsAHUAYQB0AGkAbwBuACAAbwBmACAATQBvAGIAaQBsAGUAIABUAG8AdQBjAGgAcwBjAHIAZQBlAG4AIABJAG4AdABlAHIAYQBjAHQAaQBvAG4AcwAuAHAAZABmAA8AGgAMAE0AYQBjAGkAbgB0AG8AcwBoACAASABEABIAhFVzZXJzL2hob250aGVpbS9EZXNrdG9wL2JhY2hlbG9yLXRoZXNpcy9iaWJsaW9ncmFwaHkvc291cmNlcy90by1jaGVjay9FbGRlcmx5IFVzZXIgRXZhbHVhdGlvbiBvZiBNb2JpbGUgVG91Y2hzY3JlZW4gSW50ZXJhY3Rpb25zLnBkZgATAAEvAAAVAAIAEP//AAAACAANABoAJAB2AAAAAAAAAgEAAAAAAAAABQAAAAAAAAAAAAAAAAAAAt4=},
	Bdsk-Url-1 = {https://link.springer.com/chapter/10.1007%2F978-3-642-23774-4_9}}

@article{Diaz-Bossini:2014:Accessibility-to-Mobile-Interfaces,
	Abstract = {Accessibility is a major concern in our society nowadays. However, technology is always one step ahead and new devices appear before we can address the accessibility problems for the older ones. People with disabilities are not the only ones that are being excluded by technologies. Indeed, there is an exponential growth of the elderly population that suffers from age-related disabilities. Accessibility issues should be in mind for developers. Unfortunately, addressing these issues is even harder in new devices like mobile phones and tablets where there is not a proper set of guidelines focusing on this domain. This work provides: (1) a set of guidelines to keep in mind in order to achieve accessibility in mobile interfaces for older people. This checklist is the result of a review study of the literature, standards and best practices that are being performed in this area of knowledge, (2) use of this accessibility checklist aimed at elderly people, a survey of three mobile native Apps on android platform has been carried out, these Apps have as aim to modify the default interface for another more accessible one.},
	Author = {Jos\'e-Manuel D\'iaz-Bossini and Lourdes Moreno},
	Date-Added = {2020-04-20 15:32:58 +0200},
	Date-Modified = {2020-05-03 18:50:12 +0200},
	Doi = {https://doi.org/10.1016/j.procs.2014.02.008},
	Issn = {1877-0509},
	Journal = {Procedia Computer Science},
	Keywords = {Accessibility, Mobile Devices, Elderly people, Application Interfaces},
	Note = {5th International Conference on Software Development and Technologies for Enhancing Accessibility and Fighting Info-exclusion, DSAI 2013},
	Pages = {57 - 66},
	Title = {Accessibility to Mobile Interfaces for Older People},
	Url = {http://www.sciencedirect.com/science/article/pii/S1877050914000106},
	Volume = {27},
	Year = {2014},
	Bdsk-File-1 = {YnBsaXN0MDDSAQIDBFxyZWxhdGl2ZVBhdGhZYWxpYXNEYXRhXxBIc291cmNlcy9maWxlcy91aS9BY2Nlc3NpYmlsaXR5IHRvIG1vYmlsZSBpbnRlcmZhY2VzIGZvciBvbGRlciBwZW9wbGUucGRmTxECRAAAAAACRAACAAAMTWFjaW50b3NoIEhEAAAAAAAAAAAAAAAAAAAAAAAAAEJEAAH/////H0FjY2Vzc2liaWxpdHkgdG8gbSNGRkZGRkZGRi5wZGYAAAAAAAAAAAAAAAAAAAAAAAAAAAAAAAAAAAAAAAAAAP////8AAAAAAAAAAAAAAAAAAQAFAAAKIGN1AAAAAAAAAAAAAAAAAAJ1aQACAH8vOlVzZXJzOmhob250aGVpbTpEZXNrdG9wOmJhY2hlbG9yLXRoZXNpczpiaWJsaW9ncmFwaHk6c291cmNlczpmaWxlczp1aTpBY2Nlc3NpYmlsaXR5IHRvIG1vYmlsZSBpbnRlcmZhY2VzIGZvciBvbGRlciBwZW9wbGUucGRmAAAOAHAANwBBAGMAYwBlAHMAcwBpAGIAaQBsAGkAdAB5ACAAdABvACAAbQBvAGIAaQBsAGUAIABpAG4AdABlAHIAZgBhAGMAZQBzACAAZgBvAHIAIABvAGwAZABlAHIAIABwAGUAbwBwAGwAZQAuAHAAZABmAA8AGgAMAE0AYQBjAGkAbgB0AG8AcwBoACAASABEABIAfVVzZXJzL2hob250aGVpbS9EZXNrdG9wL2JhY2hlbG9yLXRoZXNpcy9iaWJsaW9ncmFwaHkvc291cmNlcy9maWxlcy91aS9BY2Nlc3NpYmlsaXR5IHRvIG1vYmlsZSBpbnRlcmZhY2VzIGZvciBvbGRlciBwZW9wbGUucGRmAAATAAEvAAAVAAIAEP//AAAACAANABoAJABvAAAAAAAAAgEAAAAAAAAABQAAAAAAAAAAAAAAAAAAArc=},
	Bdsk-Url-1 = {https://doi.org/10.1016/j.procs.2014.02.008}}

@misc{Phiriyapokanon:2011:Is-a-big-button-interface-enough,
	Abstract = {In the world today, the portion of aging people grows continuously. Due to successfulof healthcare services, people are living longer and the number of newborn isdecreasing. This can imply that the population of young and working people isdecreasing in many countries. This leads to the mean value incrementing of the meanworld population's age value in the whole world. It has become more and moreimportant to consideration human factors of elderly people in many businesses.Software companies have to consider design of software concerning of usability forageing people. Currently, most of the software is designed to support younger users.To support elderly users, we have to consider more on age-related differences. Thisthesis presents a literature survey, and related theories used in designing graphic userinterface for ageing people. Besides, criteria for designing software for older users arealso discussed and suggested as guidelines for future studies and development. Thepurpose is to improve older users' potential in using information technologies, and topotentially allow older users to gain more benefit from using of computer software.A case study for software design for elderly users was implemented to verifysuggested guideline and gain deeper design understanding. The elderly volunteerswere involved in design evaluation process. The results from case study have showneffectiveness of the design guideline approach. },
	Author = {Phiriyapokanon, Tanid},
	Date-Added = {2020-04-20 11:10:34 +0200},
	Date-Modified = {2020-05-02 21:27:58 +0200},
	Institution = {M{\"a}lardalen University, School of Innovation, Design and Engineering},
	Keywords = {older, adults, elders, usability, touch screen, user interface design guideline, HCI},
	Pages = {61},
	School = {M{\"a}lardalen University, School of Innovation, Design and Engineering},
	Title = {Is a big button interface enough for elderly users? : Towards user interface guidelines for elderly users},
	Year = {2011},
	Bdsk-File-1 = {YnBsaXN0MDDSAQIDBFxyZWxhdGl2ZVBhdGhZYWxpYXNEYXRhXxBHc291cmNlcy90by1jaGVjay9JcyBhIGJpZyBidXR0b24gaW50ZXJmYWNlIGVub3VnaCBmb3IgZWxkZXJseSB1c2Vycy5wZGZPEQJEAAAAAAJEAAIAAAxNYWNpbnRvc2ggSEQAAAAAAAAAAAAAAAAAAAAAAAAAQkQAAf////8fSXMgYSBiaWcgYnV0dG9uIGluI0ZGRkZGRkZGLnBkZgAAAAAAAAAAAAAAAAAAAAAAAAAAAAAAAAAAAAAAAAAA/////wAAAAAAAAAAAAAAAAABAAQAAAogY3UAAAAAAAAAAAAAAAAACHRvLWNoZWNrAAIAfi86VXNlcnM6aGhvbnRoZWltOkRlc2t0b3A6YmFjaGVsb3ItdGhlc2lzOmJpYmxpb2dyYXBoeTpzb3VyY2VzOnRvLWNoZWNrOklzIGEgYmlnIGJ1dHRvbiBpbnRlcmZhY2UgZW5vdWdoIGZvciBlbGRlcmx5IHVzZXJzLnBkZgAOAG4ANgBJAHMAIABhACAAYgBpAGcAIABiAHUAdAB0AG8AbgAgAGkAbgB0AGUAcgBmAGEAYwBlACAAZQBuAG8AdQBnAGgAIABmAG8AcgAgAGUAbABkAGUAcgBsAHkAIAB1AHMAZQByAHMALgBwAGQAZgAPABoADABNAGEAYwBpAG4AdABvAHMAaAAgAEgARAASAHxVc2Vycy9oaG9udGhlaW0vRGVza3RvcC9iYWNoZWxvci10aGVzaXMvYmlibGlvZ3JhcGh5L3NvdXJjZXMvdG8tY2hlY2svSXMgYSBiaWcgYnV0dG9uIGludGVyZmFjZSBlbm91Z2ggZm9yIGVsZGVybHkgdXNlcnMucGRmABMAAS8AABUAAgAQ//8AAAAIAA0AGgAkAG4AAAAAAAACAQAAAAAAAAAFAAAAAAAAAAAAAAAAAAACtg==},
	Bdsk-Url-1 = {http://www.diva-portal.org/smash/record.jsf?pid=diva2%3A416488&dswid=-2919}}

@online{Apple::Apple-Watch,
	Author = {Apple, Inc.},
	Date-Added = {2020-04-20 10:54:15 +0200},
	Date-Modified = {2020-05-02 21:27:58 +0200},
	Title = {Apple Watch},
	Url = {https://www.apple.com/watch/},
	Bdsk-Url-1 = {https://www.apple.com/watch/}}

@inproceedings{Haikio:2007:Touch-Based-User-Interface,
	Address = {New York, NY, USA},
	Author = {H\"{a}iki\"{o}, Juha and Wallin, Arto and Isomursu, Minna and Ailisto, Heikki and Matinmikko, Tapio and Huomo, Tua},
	Booktitle = {Proceedings of the 9th International Conference on Human Computer Interaction with Mobile Devices and Services},
	Date-Added = {2020-04-20 10:49:54 +0200},
	Date-Modified = {2020-05-02 21:27:58 +0200},
	Doi = {10.1145/1377999.1378021},
	Isbn = {9781595938626},
	Keywords = {elderly users, touch, radio frequency identification, NFC, mobile computing, RFID, tag, near field communication},
	Location = {Singapore},
	Numpages = {8},
	Pages = {289--296},
	Publisher = {Association for Computing Machinery},
	Series = {MobileHCI '07},
	Title = {Touch-Based User Interface for Elderly Users},
	Url = {https://doi.org/10.1145/1377999.1378021},
	Year = {2007},
	Bdsk-File-1 = {YnBsaXN0MDDSAQIDBFxyZWxhdGl2ZVBhdGhZYWxpYXNEYXRhXxBBc291cmNlcy9maWxlcy91aS9Ub3VjaC1CYXNlZCBVc2VyIEludGVyZmFjZSBmb3IgRWxkZXJseSBVc2Vycy5wZGZPEQImAAAAAAImAAIAAAxNYWNpbnRvc2ggSEQAAAAAAAAAAAAAAAAAAAAAAAAAQkQAAf////8fVG91Y2gtQmFzZWQgVXNlciBJI0ZGRkZGRkZGLnBkZgAAAAAAAAAAAAAAAAAAAAAAAAAAAAAAAAAAAAAAAAAA/////wAAAAAAAAAAAAAAAAABAAUAAAogY3UAAAAAAAAAAAAAAAAAAnVpAAIAeC86VXNlcnM6aGhvbnRoZWltOkRlc2t0b3A6YmFjaGVsb3ItdGhlc2lzOmJpYmxpb2dyYXBoeTpzb3VyY2VzOmZpbGVzOnVpOlRvdWNoLUJhc2VkIFVzZXIgSW50ZXJmYWNlIGZvciBFbGRlcmx5IFVzZXJzLnBkZgAOAGIAMABUAG8AdQBjAGgALQBCAGEAcwBlAGQAIABVAHMAZQByACAASQBuAHQAZQByAGYAYQBjAGUAIABmAG8AcgAgAEUAbABkAGUAcgBsAHkAIABVAHMAZQByAHMALgBwAGQAZgAPABoADABNAGEAYwBpAG4AdABvAHMAaAAgAEgARAASAHZVc2Vycy9oaG9udGhlaW0vRGVza3RvcC9iYWNoZWxvci10aGVzaXMvYmlibGlvZ3JhcGh5L3NvdXJjZXMvZmlsZXMvdWkvVG91Y2gtQmFzZWQgVXNlciBJbnRlcmZhY2UgZm9yIEVsZGVybHkgVXNlcnMucGRmABMAAS8AABUAAgAQ//8AAAAIAA0AGgAkAGgAAAAAAAACAQAAAAAAAAAFAAAAAAAAAAAAAAAAAAACkg==},
	Bdsk-Url-1 = {https://doi.org/10.1145/1377999.1378021}}

@article{Marcus:2003:Universal-Ubiquitous-User-Interface,
	Address = {New York, NY, USA},
	Author = {Marcus, Aaron},
	Date-Added = {2020-04-20 10:47:47 +0200},
	Date-Modified = {2020-05-02 21:27:58 +0200},
	Doi = {10.1145/637848.637858},
	Issn = {1072-5520},
	Issue_Date = {March 2003},
	Journal = {Interactions},
	Month = mar,
	Number = {2},
	Numpages = {5},
	Pages = {23--27},
	Publisher = {Association for Computing Machinery},
	Title = {Universal, Ubiquitous, User-Interface Design for the Disabled and Elderly},
	Url = {https://doi.org/10.1145/637848.637858},
	Volume = {10},
	Year = {2003},
	Bdsk-File-1 = {YnBsaXN0MDDSAQIDBFxyZWxhdGl2ZVBhdGhZYWxpYXNEYXRhXxBsc291cmNlcy9maWxlcy91bml2ZXJzYWwtYWNjZXNzL1VuaXZlcnNhbCwgVWJpcXVpdG91cywgVXNlci1JbnRlcmZhY2UgRGVzaWduIGZvciB0aGUgRGlzYWJsZWQgYW5kIEVsZGVybHkucGRmTxECxgAAAAACxgACAAAMTWFjaW50b3NoIEhEAAAAAAAAAAAAAAAAAAAAAAAAAEJEAAH/////H1VuaXZlcnNhbCwgVWJpcXVpdCNGRkZGRkZGRi5wZGYAAAAAAAAAAAAAAAAAAAAAAAAAAAAAAAAAAAAAAAAAAP////8AAAAAAAAAAAAAAAAAAQAFAAAKIGN1AAAAAAAAAAAAAAAAABB1bml2ZXJzYWwtYWNjZXNzAAIAoy86VXNlcnM6aGhvbnRoZWltOkRlc2t0b3A6YmFjaGVsb3ItdGhlc2lzOmJpYmxpb2dyYXBoeTpzb3VyY2VzOmZpbGVzOnVuaXZlcnNhbC1hY2Nlc3M6VW5pdmVyc2FsLCBVYmlxdWl0b3VzLCBVc2VyLUludGVyZmFjZSBEZXNpZ24gZm9yIHRoZSBEaXNhYmxlZCBhbmQgRWxkZXJseS5wZGYAAA4AnABNAFUAbgBpAHYAZQByAHMAYQBsACwAIABVAGIAaQBxAHUAaQB0AG8AdQBzACwAIABVAHMAZQByAC0ASQBuAHQAZQByAGYAYQBjAGUAIABEAGUAcwBpAGcAbgAgAGYAbwByACAAdABoAGUAIABEAGkAcwBhAGIAbABlAGQAIABhAG4AZAAgAEUAbABkAGUAcgBsAHkALgBwAGQAZgAPABoADABNAGEAYwBpAG4AdABvAHMAaAAgAEgARAASAKFVc2Vycy9oaG9udGhlaW0vRGVza3RvcC9iYWNoZWxvci10aGVzaXMvYmlibGlvZ3JhcGh5L3NvdXJjZXMvZmlsZXMvdW5pdmVyc2FsLWFjY2Vzcy9Vbml2ZXJzYWwsIFViaXF1aXRvdXMsIFVzZXItSW50ZXJmYWNlIERlc2lnbiBmb3IgdGhlIERpc2FibGVkIGFuZCBFbGRlcmx5LnBkZgAAEwABLwAAFQACABD//wAAAAgADQAaACQAkwAAAAAAAAIBAAAAAAAAAAUAAAAAAAAAAAAAAAAAAANd},
	Bdsk-Url-1 = {https://doi.org/10.1145/637848.637858}}

@inproceedings{Kivimaki:2013:User-Interface-for-Social,
	Address = {New York, NY, USA},
	Articleno = {Article 23},
	Author = {Kivim\"{a}ki, Tero and K\"{o}lndorfer, Petra and Vainio, Antti-Matti and Pensas, Harri and Vuorela, Timo and Garschall, Markus and Vanhala, Jukka},
	Booktitle = {Proceedings of the 6th International Conference on PErvasive Technologies Related to Assistive Environments},
	Date-Added = {2020-04-19 13:16:18 +0200},
	Date-Modified = {2020-05-02 21:27:58 +0200},
	Doi = {10.1145/2504335.2504358},
	Isbn = {9781450319737},
	Keywords = {sense of presence, independent living, human centred computing, home care, assistive environments, socially assistive systems},
	Location = {Rhodes, Greece},
	Numpages = {8},
	Publisher = {Association for Computing Machinery},
	Series = {PETRA '13},
	Title = {User Interface for Social Networking Application for the Elderly},
	Url = {https://doi.org/10.1145/2504335.2504358},
	Year = {2013},
	Bdsk-File-1 = {YnBsaXN0MDDSAQIDBFxyZWxhdGl2ZVBhdGhZYWxpYXNEYXRhXxBVc291cmNlcy9maWxlcy91aS9Vc2VyIEludGVyZmFjZSBmb3IgU29jaWFsIE5ldHdvcmtpbmcgQXBwbGljYXRpb24gZm9yIHRoZSBFbGRlcmx5LnBkZk8RAnYAAAAAAnYAAgAADE1hY2ludG9zaCBIRAAAAAAAAAAAAAAAAAAAAAAAAABCRAAB/////x9Vc2VyIEludGVyZmFjZSBmb3IjRkZGRkZGRkYucGRmAAAAAAAAAAAAAAAAAAAAAAAAAAAAAAAAAAAAAAAAAAD/////AAAAAAAAAAAAAAAAAAEABQAACiBjdQAAAAAAAAAAAAAAAAACdWkAAgCMLzpVc2VyczpoaG9udGhlaW06RGVza3RvcDpiYWNoZWxvci10aGVzaXM6YmlibGlvZ3JhcGh5OnNvdXJjZXM6ZmlsZXM6dWk6VXNlciBJbnRlcmZhY2UgZm9yIFNvY2lhbCBOZXR3b3JraW5nIEFwcGxpY2F0aW9uIGZvciB0aGUgRWxkZXJseS5wZGYADgCKAEQAVQBzAGUAcgAgAEkAbgB0AGUAcgBmAGEAYwBlACAAZgBvAHIAIABTAG8AYwBpAGEAbAAgAE4AZQB0AHcAbwByAGsAaQBuAGcAIABBAHAAcABsAGkAYwBhAHQAaQBvAG4AIABmAG8AcgAgAHQAaABlACAARQBsAGQAZQByAGwAeQAuAHAAZABmAA8AGgAMAE0AYQBjAGkAbgB0AG8AcwBoACAASABEABIAilVzZXJzL2hob250aGVpbS9EZXNrdG9wL2JhY2hlbG9yLXRoZXNpcy9iaWJsaW9ncmFwaHkvc291cmNlcy9maWxlcy91aS9Vc2VyIEludGVyZmFjZSBmb3IgU29jaWFsIE5ldHdvcmtpbmcgQXBwbGljYXRpb24gZm9yIHRoZSBFbGRlcmx5LnBkZgATAAEvAAAVAAIAEP//AAAACAANABoAJAB8AAAAAAAAAgEAAAAAAAAABQAAAAAAAAAAAAAAAAAAAvY=},
	Bdsk-Url-1 = {https://doi.org/10.1145/2504335.2504358}}

@misc{Kivirinta:2013:The-Right-UI-for-Elderly-People;,
	Author = {Kivirinta, J},
	Date-Added = {2020-04-19 13:10:56 +0200},
	Date-Modified = {2020-05-02 21:27:58 +0200},
	Title = {The Right UI for Elderly People; a review of recent and current research},
	Year = {2013},
	Bdsk-File-1 = {YnBsaXN0MDDSAQIDBFxyZWxhdGl2ZVBhdGhZYWxpYXNEYXRhXxBdc291cmNlcy9maWxlcy91aS9UaGUgUmlnaHQgVUkgZm9yIEVsZGVybHkgUGVvcGxlOyBhIHJldmlldyBvZiByZWNlbnQgYW5kIGN1cnJlbnQgcmVzZWFyY2gucGRmTxEClgAAAAAClgACAAAMTWFjaW50b3NoIEhEAAAAAAAAAAAAAAAAAAAAAAAAAEJEAAH/////H1RoZSBSaWdodCBVSSBmb3IgRSNGRkZGRkZGRi5wZGYAAAAAAAAAAAAAAAAAAAAAAAAAAAAAAAAAAAAAAAAAAP////8AAAAAAAAAAAAAAAAAAQAFAAAKIGN1AAAAAAAAAAAAAAAAAAJ1aQACAJQvOlVzZXJzOmhob250aGVpbTpEZXNrdG9wOmJhY2hlbG9yLXRoZXNpczpiaWJsaW9ncmFwaHk6c291cmNlczpmaWxlczp1aTpUaGUgUmlnaHQgVUkgZm9yIEVsZGVybHkgUGVvcGxlOyBhIHJldmlldyBvZiByZWNlbnQgYW5kIGN1cnJlbnQgcmVzZWFyY2gucGRmAA4AmgBMAFQAaABlACAAUgBpAGcAaAB0ACAAVQBJACAAZgBvAHIAIABFAGwAZABlAHIAbAB5ACAAUABlAG8AcABsAGUAOwAgAGEAIAByAGUAdgBpAGUAdwAgAG8AZgAgAHIAZQBjAGUAbgB0ACAAYQBuAGQAIABjAHUAcgByAGUAbgB0ACAAcgBlAHMAZQBhAHIAYwBoAC4AcABkAGYADwAaAAwATQBhAGMAaQBuAHQAbwBzAGgAIABIAEQAEgCSVXNlcnMvaGhvbnRoZWltL0Rlc2t0b3AvYmFjaGVsb3ItdGhlc2lzL2JpYmxpb2dyYXBoeS9zb3VyY2VzL2ZpbGVzL3VpL1RoZSBSaWdodCBVSSBmb3IgRWxkZXJseSBQZW9wbGU7IGEgcmV2aWV3IG9mIHJlY2VudCBhbmQgY3VycmVudCByZXNlYXJjaC5wZGYAEwABLwAAFQACABD//wAAAAgADQAaACQAhAAAAAAAAAIBAAAAAAAAAAUAAAAAAAAAAAAAAAAAAAMe},
	Bdsk-Url-1 = {https://www.semanticscholar.org/paper/The-Right-UI-for-Elderly-People%3B-a-review-of-recent-Kivirinta/e1d990627621d150382b5324c38a964c3676f8dd}}

@inproceedings{Hiramatsu:2017:Outdoor-Studying-System,
	Abstract = {We investigated outdoor studying using Bluetooth Low Energy (BLE) beacons in Nikko, a world heritage site in Japan, in order to convey traditional cultural information to young students. A BLE beacon can supply information that is related to location. This information is used for many purposes such as e-learning and commercial applications. In this paper, we propose a new style of outdoor studying as a collaboration between outdoor studying and the local economy. Shops in the area supply students with vivid and seasonal information about the area. Over three years of research, we found our application caused students to remember the cultural sites. We also found that they came to value the area. Shop owners hence hope to benefit from this application. However, we also found some tendencies in students' feelings about traveling in this process. This paper describes the results of our research from 2014 to 2016 using BLE beacons in Nikko. We describe several different scenarios using beacons and their results.},
	Address = {Cham},
	Author = {Hiramatsu, Yuko and Sato, Fumihiro and Ito, Atsushi and Hatano, Hiroyuki and Sato, Mie and Watanabe, Yu and Sasaki, Akira},
	Booktitle = {Learning and Collaboration Technologies. Novel Learning Ecosystems},
	Date-Added = {2020-04-18 22:21:54 +0200},
	Date-Modified = {2020-05-02 21:27:58 +0200},
	Editor = {Zaphiris, Panayiotis and Ioannou, Andri},
	Isbn = {978-3-319-58509-3},
	Pages = {340--352},
	Publisher = {Springer International Publishing},
	Title = {Outdoor Studying System Using Bluetooth Low Energy Beacon---To Feel Cultural Sites},
	Year = {2017},
	Bdsk-File-1 = {YnBsaXN0MDDSAQIDBFxyZWxhdGl2ZVBhdGhZYWxpYXNEYXRhbxBsAHMAbwB1AHIAYwBlAHMALwBmAGkAbABlAHMALwBiAGwAdQBlAHQAbwBvAHQAaAAvAE8AdQB0AGQAbwBvAHIAIABTAHQAdQBkAHkAaQBuAGcAIABTAHkAcwB0AGUAbQAgAFUAcwBpAG4AZwAgAEIAbAB1AGUAdABvAG8AdABoACAATABvAHcAIABFAG4AZQByAGcAeQAgAEIAZQBhAGMAbwBuIBQAVABvACAARgBlAGUAbAAgAEMAdQBsAHQAdQByAGEAbAAgAFMAaQB0AGUAcwAuAHAAZABmTxEC0gAAAAAC0gACAAAMTWFjaW50b3NoIEhEAAAAAAAAAAAAAAAAAAAAAAAAAEJEAAH/////H091dGRvb3IgU3R1ZHlpbmcgUyNGRkZGRkZGRi5wZGYAAAAAAAAAAAAAAAAAAAAAAAAAAAAAAAAAAAAAAAAAAP////8AAAAAAAAAAAAAAAAAAQAFAAAKIGN1AAAAAAAAAAAAAAAAAAlibHVldG9vdGgAAAIApS86VXNlcnM6aGhvbnRoZWltOkRlc2t0b3A6YmFjaGVsb3ItdGhlc2lzOmJpYmxpb2dyYXBoeTpzb3VyY2VzOmZpbGVzOmJsdWV0b290aDpPdXRkb29yIFN0dWR5aW5nIFN5c3RlbSBVc2luZyBCbHVldG9vdGggTG93IEVuZXJneSBCZWFjb27igJRUbyBGZWVsIEN1bHR1cmFsIFNpdGVzLnBkZgAADgCqAFQATwB1AHQAZABvAG8AcgAgAFMAdAB1AGQAeQBpAG4AZwAgAFMAeQBzAHQAZQBtACAAVQBzAGkAbgBnACAAQgBsAHUAZQB0AG8AbwB0AGgAIABMAG8AdwAgAEUAbgBlAHIAZwB5ACAAQgBlAGEAYwBvAG4gFABUAG8AIABGAGUAZQBsACAAQwB1AGwAdAB1AHIAYQBsACAAUwBpAHQAZQBzAC4AcABkAGYADwAaAAwATQBhAGMAaQBuAHQAbwBzAGgAIABIAEQAEgCjVXNlcnMvaGhvbnRoZWltL0Rlc2t0b3AvYmFjaGVsb3ItdGhlc2lzL2JpYmxpb2dyYXBoeS9zb3VyY2VzL2ZpbGVzL2JsdWV0b290aC9PdXRkb29yIFN0dWR5aW5nIFN5c3RlbSBVc2luZyBCbHVldG9vdGggTG93IEVuZXJneSBCZWFjb27igJRUbyBGZWVsIEN1bHR1cmFsIFNpdGVzLnBkZgAAEwABLwAAFQACABD//wAAAAgADQAaACQA/wAAAAAAAAIBAAAAAAAAAAUAAAAAAAAAAAAAAAAAAAPV},
	Bdsk-Url-1 = {https://link.springer.com/chapter/10.1007/978-3-319-58509-3_27}}

@inproceedings{Bohonos:2008:Cellphone-Accessible-Information,
	Abstract = {We describe a complete hardware/software system, dubbed Universal Real-Time Navigational Assistance (URNA), which enables communication of relevant location-aware information to a blind person carrying a Bluetooth-enabled cell phone. Although URNA can be used for a number of different applications (e.g., an information kiosk at a shopping mall or public transit information at a bus stop), we concentrate on the challenging case of an urban intersection. Information provided to the user as he or she approaches the intersection includes a description of the intersection topology and real-time notification of the state of the traffic lights.},
	Address = {Berlin, Heidelberg},
	Author = {Bohonos, S. and Lee, A. and Malik, A. and Thai, C. and Manduchi, R.},
	Booktitle = {Computers Helping People with Special Needs},
	Date-Added = {2020-04-18 22:19:37 +0200},
	Date-Modified = {2020-05-02 21:27:58 +0200},
	Editor = {Miesenberger, Klaus and Klaus, Joachim and Zagler, Wolfgang and Karshmer, Arthur},
	Isbn = {978-3-540-70540-6},
	Pages = {1117--1121},
	Publisher = {Springer Berlin Heidelberg},
	Title = {Cellphone Accessible Information Via Bluetooth Beaconing for the Visually Impaired},
	Year = {2008},
	Bdsk-File-1 = {YnBsaXN0MDDSAQIDBFxyZWxhdGl2ZVBhdGhZYWxpYXNEYXRhXxBuc291cmNlcy9maWxlcy9ibHVldG9vdGgvQ2VsbHBob25lIEFjY2Vzc2libGUgSW5mb3JtYXRpb24gVmlhIEJsdWV0b290aCBCZWFjb25pbmcgZm9yIHRoZSBWaXN1YWxseSBJbXBhaXJlZC5wZGZPEQLWAAAAAALWAAIAAAxNYWNpbnRvc2ggSEQAAAAAAAAAAAAAAAAAAAAAAAAAQkQAAf////8fQ2VsbHBob25lIEFjY2Vzc2liI0ZGRkZGRkZGLnBkZgAAAAAAAAAAAAAAAAAAAAAAAAAAAAAAAAAAAAAAAAAA/////wAAAAAAAAAAAAAAAAABAAUAAAogY3UAAAAAAAAAAAAAAAAACWJsdWV0b290aAAAAgClLzpVc2VyczpoaG9udGhlaW06RGVza3RvcDpiYWNoZWxvci10aGVzaXM6YmlibGlvZ3JhcGh5OnNvdXJjZXM6ZmlsZXM6Ymx1ZXRvb3RoOkNlbGxwaG9uZSBBY2Nlc3NpYmxlIEluZm9ybWF0aW9uIFZpYSBCbHVldG9vdGggQmVhY29uaW5nIGZvciB0aGUgVmlzdWFsbHkgSW1wYWlyZWQucGRmAAAOAK4AVgBDAGUAbABsAHAAaABvAG4AZQAgAEEAYwBjAGUAcwBzAGkAYgBsAGUAIABJAG4AZgBvAHIAbQBhAHQAaQBvAG4AIABWAGkAYQAgAEIAbAB1AGUAdABvAG8AdABoACAAQgBlAGEAYwBvAG4AaQBuAGcAIABmAG8AcgAgAHQAaABlACAAVgBpAHMAdQBhAGwAbAB5ACAASQBtAHAAYQBpAHIAZQBkAC4AcABkAGYADwAaAAwATQBhAGMAaQBuAHQAbwBzAGgAIABIAEQAEgCjVXNlcnMvaGhvbnRoZWltL0Rlc2t0b3AvYmFjaGVsb3ItdGhlc2lzL2JpYmxpb2dyYXBoeS9zb3VyY2VzL2ZpbGVzL2JsdWV0b290aC9DZWxscGhvbmUgQWNjZXNzaWJsZSBJbmZvcm1hdGlvbiBWaWEgQmx1ZXRvb3RoIEJlYWNvbmluZyBmb3IgdGhlIFZpc3VhbGx5IEltcGFpcmVkLnBkZgAAEwABLwAAFQACABD//wAAAAgADQAaACQAlQAAAAAAAAIBAAAAAAAAAAUAAAAAAAAAAAAAAAAAAANv},
	Bdsk-Url-1 = {https://link.springer.com/chapter/10.1007%2F978-3-540-70540-6_167}}

@inbook{Motti:2020:Design-Guidelines-and-Evaluation,
	Abstract = {This chapter focuses on qualityQuality factorsFactors, designDesign principlesPrinciple, and guidelinesGuideline{\^A} that must be taken into account when stakeholdersStakeholders are creating or evaluatingEvaluating wearableWearability{\^A} solutionsSolution. The patterns and interactionInteraction paradigmsParadigm{\^A} described were extracted from the scientificScientific{\^A} literature and industrial domainsDomain{\^A} as well. By explaining what approachesApproaches{\^A} can be employed to evaluate wearableWearability{\^A} technologiesTechnology, using different methodsMethods{\^A} for dataData collectionCollection{\^A} and different criteriaCriteria{\^A} for assessmentAssessment, this chapter provides readersReaders{\^A} with a comprehensiveComprehensive{\^A} list of design principlesPrinciple{\^A} that can inform decisions from designersDesigners, developersDevelopers, and investigatorsInvestigators{\^A} when creating novel wearableWearability{\^A} technologiesTechnology{\^A} or evaluatingEvaluating{\^A} existing ones. While some of the design principlesPrinciple{\^A} are targeted at industryIndustry{\^A} expertsExperts, others focus on scientificScientific{\^A} research. Concerning evaluationEvaluation, this chapter also provides readersReaders{\^A} with examplesExample{\^A} of scalesScale, questionnairesQuestionnaire, metricsMetrics, and questions that can be employed when assessing technologyTechnology{\^A} to better understand the userUser{\^A} perspective and experienceExperience{\^A} when interactingInteract{\^A} with a deviceDevices. TheoreticalTheoretical{\^A} definitions as well as illustrative examplesExample{\^A} are presented. This chapter concludes with designDesign{\^A} challengesChallenge{\^A} and considerationsConsiderations{\^A} that must be taken into account during the interactionInteraction{\^A} design and evaluationEvaluation.},
	Address = {Cham},
	Author = {Motti, Vivian Genaro},
	Booktitle = {Wearable Interaction},
	Date-Added = {2020-04-18 22:16:23 +0200},
	Date-Modified = {2020-05-02 21:27:58 +0200},
	Doi = {10.1007/978-3-030-27111-4_4},
	Isbn = {978-3-030-27111-4},
	Pages = {109--148},
	Publisher = {Springer International Publishing},
	Title = {Design Guidelines and Evaluation},
	Url = {https://doi.org/10.1007/978-3-030-27111-4_4},
	Year = {2020},
	Bdsk-File-1 = {YnBsaXN0MDDSAQIDBFxyZWxhdGl2ZVBhdGhZYWxpYXNEYXRhXxA1c291cmNlcy90by1jaGVjay9EZXNpZ24gR3VpZGVsaW5lcyBhbmQgRXZhbHVhdGlvbi5wZGZPEQH8AAAAAAH8AAIAAAxNYWNpbnRvc2ggSEQAAAAAAAAAAAAAAAAAAAAAAAAAQkQAAf////8fRGVzaWduIEd1aWRlbGluZXMgI0ZGRkZGRkZGLnBkZgAAAAAAAAAAAAAAAAAAAAAAAAAAAAAAAAAAAAAAAAAA/////wAAAAAAAAAAAAAAAAABAAQAAAogY3UAAAAAAAAAAAAAAAAACHRvLWNoZWNrAAIAbC86VXNlcnM6aGhvbnRoZWltOkRlc2t0b3A6YmFjaGVsb3ItdGhlc2lzOmJpYmxpb2dyYXBoeTpzb3VyY2VzOnRvLWNoZWNrOkRlc2lnbiBHdWlkZWxpbmVzIGFuZCBFdmFsdWF0aW9uLnBkZgAOAEoAJABEAGUAcwBpAGcAbgAgAEcAdQBpAGQAZQBsAGkAbgBlAHMAIABhAG4AZAAgAEUAdgBhAGwAdQBhAHQAaQBvAG4ALgBwAGQAZgAPABoADABNAGEAYwBpAG4AdABvAHMAaAAgAEgARAASAGpVc2Vycy9oaG9udGhlaW0vRGVza3RvcC9iYWNoZWxvci10aGVzaXMvYmlibGlvZ3JhcGh5L3NvdXJjZXMvdG8tY2hlY2svRGVzaWduIEd1aWRlbGluZXMgYW5kIEV2YWx1YXRpb24ucGRmABMAAS8AABUAAgAQ//8AAAAIAA0AGgAkAFwAAAAAAAACAQAAAAAAAAAFAAAAAAAAAAAAAAAAAAACXA==},
	Bdsk-Url-1 = {https://doi.org/10.1007/978-3-030-27111-4_4}}

@online{Apple::Human-Interface-Guidelines,
	Author = {Apple, Inc.},
	Date-Added = {2020-04-18 22:12:55 +0200},
	Date-Modified = {2020-05-02 21:27:58 +0200},
	Title = {Human Interface Guidelines},
	Url = {https://developer.apple.com/design/human-interface-guidelines/},
	Bdsk-Url-1 = {https://developer.apple.com/design/human-interface-guidelines/}}

@inproceedings{Wu:2016:Study-of-Smart-Watch,
	Abstract = {Nowadays the intelligence of watches brings users brand new experience, and at the same time it makes human-watch interaction relationship becomes more and more complicated, therefore the design of smart watch interface faces greater challenge. As the interface of smart watches delivers more and more information, how to guarantee favorable usability of smart watch interface becomes the focus of designers. Designers need more objectively evaluate the reasonableness of smart watch interface layout and the visibility of interface elements. But traditional evaluation indexes can't intuitively reflect whether the system structure conforms to the thinking mode of users; and traditional evaluation indexes can't reveal the strategies employed on interface by users.},
	Address = {Cham},
	Author = {Wu, Yixiang and Cheng, Jianxin and Kang, Xinhui},
	Booktitle = {Design, User Experience, and Usability: Technological Contexts},
	Date-Added = {2020-04-18 22:11:19 +0200},
	Date-Modified = {2020-05-02 21:27:58 +0200},
	Editor = {Marcus, Aaron},
	Isbn = {978-3-319-40406-6},
	Pages = {98--109},
	Publisher = {Springer International Publishing},
	Title = {Study of Smart Watch Interface Usability Evaluation Based on Eye-Tracking},
	Year = {2016},
	Bdsk-File-1 = {YnBsaXN0MDDSAQIDBFxyZWxhdGl2ZVBhdGhZYWxpYXNEYXRhXxBhc291cmNlcy9maWxlcy93YXRjaC9TdHVkeSBvZiBTbWFydCBXYXRjaCBJbnRlcmZhY2UgVXNhYmlsaXR5IEV2YWx1YXRpb24gQmFzZWQgb24gRXllLVRyYWNraW5nLnBkZk8RAqQAAAAAAqQAAgAADE1hY2ludG9zaCBIRAAAAAAAAAAAAAAAAAAAAAAAAABCRAAB/////x9TdHVkeSBvZiBTbWFydCBXYXQjRkZGRkZGRkYucGRmAAAAAAAAAAAAAAAAAAAAAAAAAAAAAAAAAAAAAAAAAAD/////AAAAAAAAAAAAAAAAAAEABQAACiBjdQAAAAAAAAAAAAAAAAAFd2F0Y2gAAAIAmC86VXNlcnM6aGhvbnRoZWltOkRlc2t0b3A6YmFjaGVsb3ItdGhlc2lzOmJpYmxpb2dyYXBoeTpzb3VyY2VzOmZpbGVzOndhdGNoOlN0dWR5IG9mIFNtYXJ0IFdhdGNoIEludGVyZmFjZSBVc2FiaWxpdHkgRXZhbHVhdGlvbiBCYXNlZCBvbiBFeWUtVHJhY2tpbmcucGRmAA4AnABNAFMAdAB1AGQAeQAgAG8AZgAgAFMAbQBhAHIAdAAgAFcAYQB0AGMAaAAgAEkAbgB0AGUAcgBmAGEAYwBlACAAVQBzAGEAYgBpAGwAaQB0AHkAIABFAHYAYQBsAHUAYQB0AGkAbwBuACAAQgBhAHMAZQBkACAAbwBuACAARQB5AGUALQBUAHIAYQBjAGsAaQBuAGcALgBwAGQAZgAPABoADABNAGEAYwBpAG4AdABvAHMAaAAgAEgARAASAJZVc2Vycy9oaG9udGhlaW0vRGVza3RvcC9iYWNoZWxvci10aGVzaXMvYmlibGlvZ3JhcGh5L3NvdXJjZXMvZmlsZXMvd2F0Y2gvU3R1ZHkgb2YgU21hcnQgV2F0Y2ggSW50ZXJmYWNlIFVzYWJpbGl0eSBFdmFsdWF0aW9uIEJhc2VkIG9uIEV5ZS1UcmFja2luZy5wZGYAEwABLwAAFQACABD//wAAAAgADQAaACQAiAAAAAAAAAIBAAAAAAAAAAUAAAAAAAAAAAAAAAAAAAMw},
	Bdsk-Url-1 = {https://link.springer.com/chapter/10.1007/978-3-319-40406-6_10}}

@article{Raghunath:2002:User-Interfaces-for-Applications,
	Author = {Raghunath, M. T. and Narayanaswami, Chandra},
	Date-Added = {2020-04-18 22:09:50 +0200},
	Date-Modified = {2020-05-02 21:27:58 +0200},
	Doi = {10.1007/s007790200002},
	Issn = {1617-4917},
	Journal = {Personal and Ubiquitous Computing},
	Month = {Feb},
	Number = {1},
	Pages = {17--30},
	Publisher = {Springer Science and Business Media LLC},
	Title = {User Interfaces for Applications on a Wrist Watch},
	Url = {http://dx.doi.org/10.1007/s007790200002},
	Volume = {6},
	Year = {2002},
	Bdsk-File-1 = {YnBsaXN0MDDSAQIDBFxyZWxhdGl2ZVBhdGhZYWxpYXNEYXRhXxBJc291cmNlcy9maWxlcy93YXRjaC9Vc2VyIEludGVyZmFjZXMgZm9yIEFwcGxpY2F0aW9ucyBvbiBhIFdyaXN0IFdhdGNoLnBkZk8RAkQAAAAAAkQAAgAADE1hY2ludG9zaCBIRAAAAAAAAAAAAAAAAAAAAAAAAABCRAAB/////x9Vc2VyIEludGVyZmFjZXMgZm8jRkZGRkZGRkYucGRmAAAAAAAAAAAAAAAAAAAAAAAAAAAAAAAAAAAAAAAAAAD/////AAAAAAAAAAAAAAAAAAEABQAACiBjdQAAAAAAAAAAAAAAAAAFd2F0Y2gAAAIAgC86VXNlcnM6aGhvbnRoZWltOkRlc2t0b3A6YmFjaGVsb3ItdGhlc2lzOmJpYmxpb2dyYXBoeTpzb3VyY2VzOmZpbGVzOndhdGNoOlVzZXIgSW50ZXJmYWNlcyBmb3IgQXBwbGljYXRpb25zIG9uIGEgV3Jpc3QgV2F0Y2gucGRmAA4AbAA1AFUAcwBlAHIAIABJAG4AdABlAHIAZgBhAGMAZQBzACAAZgBvAHIAIABBAHAAcABsAGkAYwBhAHQAaQBvAG4AcwAgAG8AbgAgAGEAIABXAHIAaQBzAHQAIABXAGEAdABjAGgALgBwAGQAZgAPABoADABNAGEAYwBpAG4AdABvAHMAaAAgAEgARAASAH5Vc2Vycy9oaG9udGhlaW0vRGVza3RvcC9iYWNoZWxvci10aGVzaXMvYmlibGlvZ3JhcGh5L3NvdXJjZXMvZmlsZXMvd2F0Y2gvVXNlciBJbnRlcmZhY2VzIGZvciBBcHBsaWNhdGlvbnMgb24gYSBXcmlzdCBXYXRjaC5wZGYAEwABLwAAFQACABD//wAAAAgADQAaACQAcAAAAAAAAAIBAAAAAAAAAAUAAAAAAAAAAAAAAAAAAAK4},
	Bdsk-Url-1 = {http://dx.doi.org/10.1007/s007790200002}}

@article{Low:2016:Privatsphare-in-Smart-Cities.,
	Author = {L{\"o}w, Martina and Rothmann, Lea},
	Date-Added = {2020-04-18 22:07:26 +0200},
	Date-Modified = {2020-05-02 21:27:58 +0200},
	Doi = {10.1007/978-3-658-15617-6_4},
	Isbn = {9783658156176},
	Issn = {2366-1135},
	Journal = {Edition HMD},
	Pages = {75--101},
	Publisher = {Springer Fachmedien Wiesbaden},
	Title = {Privatsph{\"a}re in Smart Cities. Eine raumsoziologische Analyse},
	Url = {http://dx.doi.org/10.1007/978-3-658-15617-6_4},
	Year = {2016},
	Bdsk-File-1 = {YnBsaXN0MDDSAQIDBFxyZWxhdGl2ZVBhdGhZYWxpYXNEYXRhbxBRAHMAbwB1AHIAYwBlAHMALwB0AG8ALQBjAGgAZQBjAGsALwBQAHIAaQB2AGEAdABzAHAAaADkAHIAZQAgAGkAbgAgAFMAbQBhAHIAdAAgAEMAaQB0AGkAZQBzAC4AIABFAGkAbgBlACAAcgBhAHUAbQBzAG8AegBpAG8AbABvAGcAaQBzAGMAaABlACAAQQBuAGEAbAB5AHMAZQAuAHAAZABmTxECcAAAAAACcAACAAAMTWFjaW50b3NoIEhEAAAAAAAAAAAAAAAAAAAAAAAAAEJEAAH/////H1ByaXZhdHNwaIpyZSBpbiBTbSNGRkZGRkZGRi5wZGYAAAAAAAAAAAAAAAAAAAAAAAAAAAAAAAAAAAAAAAAAAP////8AAAAAAAAAAAAAAAAAAQAEAAAKIGN1AAAAAAAAAAAAAAAAAAh0by1jaGVjawACAIkvOlVzZXJzOmhob250aGVpbTpEZXNrdG9wOmJhY2hlbG9yLXRoZXNpczpiaWJsaW9ncmFwaHk6c291cmNlczp0by1jaGVjazpQcml2YXRzcGjDpHJlIGluIFNtYXJ0IENpdGllcy4gRWluZSByYXVtc296aW9sb2dpc2NoZSBBbmFseXNlLnBkZgAADgCCAEAAUAByAGkAdgBhAHQAcwBwAGgA5AByAGUAIABpAG4AIABTAG0AYQByAHQAIABDAGkAdABpAGUAcwAuACAARQBpAG4AZQAgAHIAYQB1AG0AcwBvAHoAaQBvAGwAbwBnAGkAcwBjAGgAZQAgAEEAbgBhAGwAeQBzAGUALgBwAGQAZgAPABoADABNAGEAYwBpAG4AdABvAHMAaAAgAEgARAASAIdVc2Vycy9oaG9udGhlaW0vRGVza3RvcC9iYWNoZWxvci10aGVzaXMvYmlibGlvZ3JhcGh5L3NvdXJjZXMvdG8tY2hlY2svUHJpdmF0c3Bow6RyZSBpbiBTbWFydCBDaXRpZXMuIEVpbmUgcmF1bXNvemlvbG9naXNjaGUgQW5hbHlzZS5wZGYAABMAAS8AABUAAgAQ//8AAAAIAA0AGgAkAMkAAAAAAAACAQAAAAAAAAAFAAAAAAAAAAAAAAAAAAADPQ==},
	Bdsk-Url-1 = {http://dx.doi.org/10.1007/978-3-658-15617-6_4}}

@inproceedings{Huang:2016:Design-of-Smart-Watch,
	Abstract = {Current product design is dependent on designers' experiences, knowledge and shaping ability excessively. But consumers' demand changes owing to rapid growth of market economy. The focus of the product transforms from original basic demand to deeper level of Kansei. Consumers' Kansei appeal should be reflected more and presented by shape, material, color or other shaping element of smart watch besides considering health, comfort and other elements because the relation of watch and human are relatively intimated. Old people are different from general consumer group physically and psychologically, which embodies in the degeneration of visual sense, auditory sense, reaction capacity, the force of hands and the memory ability of text and graphic. Old people are greatly different from other group in Kansei intention and user experience of using smart watch. Therefore whether appearance design or interaction design for watch should embody our care for the special group-old people to improve the product satisfaction degree and bring convenience for them. If the parameters relative to consumers' Kansei intention can be found, they can assist designers in accurately positioning the shaping and functional design features of products to improve the efficiency of design. The author conducts design evaluation on survey samples combining with Kansei engineering taking ``smart watch for old people'' as an example in this study to verify the idea that the shaping design of product is dependent on Kansei intention. The main results and completed work in this paper includes: Survey on shaping, interview and questionnaire appraisal of smart watch targeting at old people consumer group are carried out firstly; relative data information and picture sample pool are collected; shaping of smart watch for old people is broken down using Morphological Analysis method and survey contents to determine shaping design elements which influence image of consumers; representative image words describing the shaping of smart watch for old people are determined with cluster analysis method; and then multivariate linear relation model between consumers' Kansei intention and the shaping design of smart watch for old people is built. Quantification relation between Kansei image meaning evaluation value and shaping design elements are built and multivariate regression analysis is conducted with Quantification Theory Type Imethod on the basis of performing statistical analysis on image meaning evaluation experiment result of representative sample to obtain correlated category score, item range, constant, multiple correlation coefficient and determination coefficient. And on this basis mathematic relation model between all Kansei intention and design elements are built so that the aim of estimating consumers' Kansei intention is reached. Finally sample is selected to verify it, Paired-sample T check analysis on the estimation value of correlation model and the mean value of subjective evaluation is conducted and the result shows that the estimation model has reliability.},
	Address = {Cham},
	Author = {Huang, He and Wu, Yixiang and Cheng, Jianxin and Yang, Minggang},
	Booktitle = {Human Aspects of IT for the Aged Population. Design for Aging},
	Date-Added = {2020-04-18 21:58:55 +0200},
	Date-Modified = {2020-05-02 21:27:58 +0200},
	Editor = {Zhou, Jia and Salvendy, Gavriel},
	Isbn = {978-3-319-39943-0},
	Pages = {446--456},
	Publisher = {Springer International Publishing},
	Title = {Design of Smart Watch for Old People Based on the Benchmark of Consumers' Kansei Intention},
	Year = {2016},
	Bdsk-File-1 = {YnBsaXN0MDDSAQIDBFxyZWxhdGl2ZVBhdGhZYWxpYXNEYXRhbxByAHMAbwB1AHIAYwBlAHMALwBmAGkAbABlAHMALwB3AGEAdABjAGgALwBEAGUAcwBpAGcAbgAgAG8AZgAgAFMAbQBhAHIAdAAgAFcAYQB0AGMAaAAgAGYAbwByACAATwBsAGQAIABQAGUAbwBwAGwAZQAgAEIAYQBzAGUAZAAgAG8AbgAgAHQAaABlACAAQgBlAG4AYwBoAG0AYQByAGsAIABvAGYAIABDAG8AbgBzAHUAbQBlAHIAcyAZACAASwBhAG4AcwBlAGkAIABJAG4AdABlAG4AdABpAG8AbgAuAHAAZABmTxEC7gAAAAAC7gACAAAMTWFjaW50b3NoIEhEAAAAAAAAAAAAAAAAAAAAAAAAAEJEAAH/////H0Rlc2lnbiBvZiBTbWFydCBXYSNGRkZGRkZGRi5wZGYAAAAAAAAAAAAAAAAAAAAAAAAAAAAAAAAAAAAAAAAAAP////8AAAAAAAAAAAAAAAAAAQAFAAAKIGN1AAAAAAAAAAAAAAAAAAV3YXRjaAAAAgCrLzpVc2VyczpoaG9udGhlaW06RGVza3RvcDpiYWNoZWxvci10aGVzaXM6YmlibGlvZ3JhcGh5OnNvdXJjZXM6ZmlsZXM6d2F0Y2g6RGVzaWduIG9mIFNtYXJ0IFdhdGNoIGZvciBPbGQgUGVvcGxlIEJhc2VkIG9uIHRoZSBCZW5jaG1hcmsgb2YgQ29uc3VtZXJz4oCZIEthbnNlaSBJbnRlbnRpb24ucGRmAAAOAL4AXgBEAGUAcwBpAGcAbgAgAG8AZgAgAFMAbQBhAHIAdAAgAFcAYQB0AGMAaAAgAGYAbwByACAATwBsAGQAIABQAGUAbwBwAGwAZQAgAEIAYQBzAGUAZAAgAG8AbgAgAHQAaABlACAAQgBlAG4AYwBoAG0AYQByAGsAIABvAGYAIABDAG8AbgBzAHUAbQBlAHIAcyAZACAASwBhAG4AcwBlAGkAIABJAG4AdABlAG4AdABpAG8AbgAuAHAAZABmAA8AGgAMAE0AYQBjAGkAbgB0AG8AcwBoACAASABEABIAqVVzZXJzL2hob250aGVpbS9EZXNrdG9wL2JhY2hlbG9yLXRoZXNpcy9iaWJsaW9ncmFwaHkvc291cmNlcy9maWxlcy93YXRjaC9EZXNpZ24gb2YgU21hcnQgV2F0Y2ggZm9yIE9sZCBQZW9wbGUgQmFzZWQgb24gdGhlIEJlbmNobWFyayBvZiBDb25zdW1lcnPigJkgS2Fuc2VpIEludGVudGlvbi5wZGYAABMAAS8AABUAAgAQ//8AAAAIAA0AGgAkAQsAAAAAAAACAQAAAAAAAAAFAAAAAAAAAAAAAAAAAAAD/Q==},
	Bdsk-Url-1 = {https://link.springer.com/chapter/10.1007/978-3-319-39943-0_43}}

@inproceedings{Men:2014:The-Analysis-and-Research-of-the-Smart,
	Abstract = {With the rapid development of modern information era, smart phones have become an irreversible trend to replace the tradition ones. With the trend of aging population in China, we can't underestimate the rapidly growing population of the Chinese elderly people and increasingly demanding for smart phone. The UI, which is short for user interface, is referred to the collection of interactive methods between phone users and interior phones system. And the research on UI is becoming more and more important in the research of smart phone. By doing the survey which combined the elderly's cognition with the smart phones' UI design, the thesis is aimed at acquiring the methods of UI design for elderly people so that the smart phones can conform to them better. In this way, the smart phones' functions can be totally applied to them and elderly people's vision enjoyment can be improved.},
	Address = {Cham},
	Author = {Men, Delai and Wang, Dong and Hu, Xiaoping},
	Booktitle = {Universal Access in Human-Computer Interaction. Aging and Assistive Environments},
	Date-Added = {2020-04-17 17:31:11 +0200},
	Date-Modified = {2020-05-02 21:27:58 +0200},
	Editor = {Stephanidis, Constantine and Antona, Margherita},
	Isbn = {978-3-319-07446-7},
	Pages = {138--146},
	Publisher = {Springer International Publishing},
	Title = {The Analysis and Research of the Smart Phone's User Interface Based on Chinese Elderly's Cognitive Character},
	Year = {2014},
	Bdsk-File-1 = {YnBsaXN0MDDSAQIDBFxyZWxhdGl2ZVBhdGhZYWxpYXNEYXRhbxCBAHMAbwB1AHIAYwBlAHMALwB0AG8ALQBjAGgAZQBjAGsALwBUAGgAZQAgAEEAbgBhAGwAeQBzAGkAcwAgAGEAbgBkACAAUgBlAHMAZQBhAHIAYwBoACAAbwBmACAAdABoAGUAIABTAG0AYQByAHQAIABQAGgAbwBuAGUgGQBzACAAVQBzAGUAcgAgAEkAbgB0AGUAcgBmAGEAYwBlACAAQgBhAHMAZQBkACAAbwBuACAAQwBoAGkAbgBlAHMAZQAgAEUAbABkAGUAcgBsAHkgGQBzACAAQwBvAGcAbgBpAHQAaQB2AGUAIABDAGgAYQByAGEAYwB0AGUAcgAuAHAAZABmTxEDNAAAAAADNAACAAAMTWFjaW50b3NoIEhEAAAAAAAAAAAAAAAAAAAAAAAAAEJEAAH/////H1RoZSBBbmFseXNpcyBhbmQgUiNGRkZGRkZGRi5wZGYAAAAAAAAAAAAAAAAAAAAAAAAAAAAAAAAAAAAAAAAAAP////8AAAAAAAAAAAAAAAAAAQAEAAAKIGN1AAAAAAAAAAAAAAAAAAh0by1jaGVjawACALwvOlVzZXJzOmhob250aGVpbTpEZXNrdG9wOmJhY2hlbG9yLXRoZXNpczpiaWJsaW9ncmFwaHk6c291cmNlczp0by1jaGVjazpUaGUgQW5hbHlzaXMgYW5kIFJlc2VhcmNoIG9mIHRoZSBTbWFydCBQaG9uZeKAmXMgVXNlciBJbnRlcmZhY2UgQmFzZWQgb24gQ2hpbmVzZSBFbGRlcmx54oCZcyBDb2duaXRpdmUgQ2hhcmFjdGVyLnBkZgAOAOIAcABUAGgAZQAgAEEAbgBhAGwAeQBzAGkAcwAgAGEAbgBkACAAUgBlAHMAZQBhAHIAYwBoACAAbwBmACAAdABoAGUAIABTAG0AYQByAHQAIABQAGgAbwBuAGUgGQBzACAAVQBzAGUAcgAgAEkAbgB0AGUAcgBmAGEAYwBlACAAQgBhAHMAZQBkACAAbwBuACAAQwBoAGkAbgBlAHMAZQAgAEUAbABkAGUAcgBsAHkgGQBzACAAQwBvAGcAbgBpAHQAaQB2AGUAIABDAGgAYQByAGEAYwB0AGUAcgAuAHAAZABmAA8AGgAMAE0AYQBjAGkAbgB0AG8AcwBoACAASABEABIAulVzZXJzL2hob250aGVpbS9EZXNrdG9wL2JhY2hlbG9yLXRoZXNpcy9iaWJsaW9ncmFwaHkvc291cmNlcy90by1jaGVjay9UaGUgQW5hbHlzaXMgYW5kIFJlc2VhcmNoIG9mIHRoZSBTbWFydCBQaG9uZeKAmXMgVXNlciBJbnRlcmZhY2UgQmFzZWQgb24gQ2hpbmVzZSBFbGRlcmx54oCZcyBDb2duaXRpdmUgQ2hhcmFjdGVyLnBkZgATAAEvAAAVAAIAEP//AAAACAANABoAJAEpAAAAAAAAAgEAAAAAAAAABQAAAAAAAAAAAAAAAAAABGE=},
	Bdsk-Url-1 = {https://link.springer.com/chapter/10.1007/978-3-319-07446-7_14}}

@inproceedings{Fang:2014:A-New-Smart-Wearable-Device,
	Abstract = {The United Nations predicts the rate of population aging in the 21st{\^A} century will exceed that of the previous century. For fulfill the need of the elderly, this research conducted a design project of the smart wearable system (SWS) to demonstrate three directions: integration and connection, in-depth interaction, and elderly-care awareness. Three commonly parts{\^A} of{\^A} the{\^A} body wearing smart devices are investigated -- wrist, upper arm, and the neck. The subjects were meant to wear the designed prototypes in a certain time and then fill in the questionnaire. The opinions and suggestions about the new and better add-on design guideline were collected; the data is integrated to conclude that the devices attached to the wrist are mostly accepted. A new proposal was created for a more reasonable and comprehensive interaction based on this study of the mental perception of the elderly and reading usability.},
	Address = {Cham},
	Author = {Fang, Yu-Min and Huang, Yi-Jhen and Chu, Bo-Cheng and Hsu, Chao-Wei and Chang, Chien-Cheng and Hsun, Meng-Hsien},
	Booktitle = {HCI International 2014 - Posters' Extended Abstracts},
	Date-Added = {2020-04-17 17:17:22 +0200},
	Date-Modified = {2020-05-02 21:27:58 +0200},
	Editor = {Stephanidis, Constantine},
	Isbn = {978-3-319-07854-0},
	Pages = {288--293},
	Publisher = {Springer International Publishing},
	Title = {A New Smart Wearable Device Design Based on the Study of the Elderly's Mental Perception and Reading Usability},
	Year = {2014},
	Bdsk-File-1 = {YnBsaXN0MDDSAQIDBFxyZWxhdGl2ZVBhdGhZYWxpYXNEYXRhbxCGAHMAbwB1AHIAYwBlAHMALwBmAGkAbABlAHMALwB3AGEAdABjAGgALwBBACAATgBlAHcAIABTAG0AYQByAHQAIABXAGUAYQByAGEAYgBsAGUAIABEAGUAdgBpAGMAZQAgAEQAZQBzAGkAZwBuACAAQgBhAHMAZQBkACAAbwBuACAAdABoAGUAIABTAHQAdQBkAHkAIABvAGYAIAB0AGgAZQAgAEUAbABkAGUAcgBsAHkgGQBzACAATQBlAG4AdABhAGwAIABQAGUAcgBjAGUAcAB0AGkAbwBuACAAYQBuAGQAIABSAGUAYQBkAGkAbgBnACAAVQBzAGEAYgBpAGwAaQB0AHkALgBwAGQAZk8RAz4AAAAAAz4AAgAADE1hY2ludG9zaCBIRAAAAAAAAAAAAAAAAAAAAAAAAABCRAAB/////x9BIE5ldyBTbWFydCBXZWFyYWIjRkZGRkZGRkYucGRmAAAAAAAAAAAAAAAAAAAAAAAAAAAAAAAAAAAAAAAAAAD/////AAAAAAAAAAAAAAAAAAEABQAACiBjdQAAAAAAAAAAAAAAAAAFd2F0Y2gAAAIAvy86VXNlcnM6aGhvbnRoZWltOkRlc2t0b3A6YmFjaGVsb3ItdGhlc2lzOmJpYmxpb2dyYXBoeTpzb3VyY2VzOmZpbGVzOndhdGNoOkEgTmV3IFNtYXJ0IFdlYXJhYmxlIERldmljZSBEZXNpZ24gQmFzZWQgb24gdGhlIFN0dWR5IG9mIHRoZSBFbGRlcmx54oCZcyBNZW50YWwgUGVyY2VwdGlvbiBhbmQgUmVhZGluZyBVc2FiaWxpdHkucGRmAAAOAOYAcgBBACAATgBlAHcAIABTAG0AYQByAHQAIABXAGUAYQByAGEAYgBsAGUAIABEAGUAdgBpAGMAZQAgAEQAZQBzAGkAZwBuACAAQgBhAHMAZQBkACAAbwBuACAAdABoAGUAIABTAHQAdQBkAHkAIABvAGYAIAB0AGgAZQAgAEUAbABkAGUAcgBsAHkgGQBzACAATQBlAG4AdABhAGwAIABQAGUAcgBjAGUAcAB0AGkAbwBuACAAYQBuAGQAIABSAGUAYQBkAGkAbgBnACAAVQBzAGEAYgBpAGwAaQB0AHkALgBwAGQAZgAPABoADABNAGEAYwBpAG4AdABvAHMAaAAgAEgARAASAL1Vc2Vycy9oaG9udGhlaW0vRGVza3RvcC9iYWNoZWxvci10aGVzaXMvYmlibGlvZ3JhcGh5L3NvdXJjZXMvZmlsZXMvd2F0Y2gvQSBOZXcgU21hcnQgV2VhcmFibGUgRGV2aWNlIERlc2lnbiBCYXNlZCBvbiB0aGUgU3R1ZHkgb2YgdGhlIEVsZGVybHnigJlzIE1lbnRhbCBQZXJjZXB0aW9uIGFuZCBSZWFkaW5nIFVzYWJpbGl0eS5wZGYAABMAAS8AABUAAgAQ//8AAAAIAA0AGgAkATMAAAAAAAACAQAAAAAAAAAFAAAAAAAAAAAAAAAAAAAEdQ==},
	Bdsk-Url-1 = {https://link.springer.com/chapter/10.1007/978-3-319-07854-0_51}}

@inproceedings{Sin:2015:Evaluation-of-Wearable-Device,
	Abstract = {The use of wearable technology is one of the current approach to help and support the elderly in sustaining their daily lifestyle. The elderly face various constraints in handling and using new technology like the wearable technology. In this study, we provide an alternative approach to user interface based on the Tangible User Interface (TUI), instead of the Graphical User Interface (GUI). We built a wearable prototype in the form of a watch device which allows the elderly to control electrical and electronic appliances such the lights, lamp, fan and computer in their room; as well as their telephone for emergency calls. The wearable device was developed using the prototyping approach and evaluation was conducted through a usability testing based on four constructs: ease of use, effectiveness, efficiency and user satisfaction. Analysis was carried out based on the triangulation approach. The ease of use construct was measured using the standard System Usability Scale (SUS) questionnaire. The effectiveness construct was measured based on the time taken for task completion. The efficiency construct was measured based on the error rate and task completion rate. Both these tasks were conducted using the observational approach. For user satisfaction construct the interview approach was conducted.},
	Address = {Cham},
	Author = {Sin, Aw Kien and Zaman, Halimah Badioze and Ahmad, Azlina and Sulaiman, Riza},
	Booktitle = {Advances in Visual Informatics},
	Date-Added = {2020-04-17 16:23:37 +0200},
	Date-Modified = {2020-05-02 21:27:58 +0200},
	Editor = {Badioze Zaman, Halimah and Robinson, Peter and Smeaton, Alan F. and Shih, Timothy K. and Velastin, Sergio and Jaafar, Azizah and Mohamad Ali, Nazlena},
	Isbn = {978-3-319-25939-0},
	Pages = {119--131},
	Publisher = {Springer International Publishing},
	Title = {Evaluation of Wearable Device for the Elderly (W-Emas)},
	Year = {2015},
	Bdsk-File-1 = {YnBsaXN0MDDSAQIDBFxyZWxhdGl2ZVBhdGhZYWxpYXNEYXRhXxBOc291cmNlcy9maWxlcy93YXRjaC9FdmFsdWF0aW9uIG9mIFdlYXJhYmxlIERldmljZSBmb3IgdGhlIEVsZGVybHkgKFctRW1hcykucGRmTxECWgAAAAACWgACAAAMTWFjaW50b3NoIEhEAAAAAAAAAAAAAAAAAAAAAAAAAEJEAAH/////H0V2YWx1YXRpb24gb2YgV2VhciNGRkZGRkZGRi5wZGYAAAAAAAAAAAAAAAAAAAAAAAAAAAAAAAAAAAAAAAAAAP////8AAAAAAAAAAAAAAAAAAQAFAAAKIGN1AAAAAAAAAAAAAAAAAAV3YXRjaAAAAgCFLzpVc2VyczpoaG9udGhlaW06RGVza3RvcDpiYWNoZWxvci10aGVzaXM6YmlibGlvZ3JhcGh5OnNvdXJjZXM6ZmlsZXM6d2F0Y2g6RXZhbHVhdGlvbiBvZiBXZWFyYWJsZSBEZXZpY2UgZm9yIHRoZSBFbGRlcmx5IChXLUVtYXMpLnBkZgAADgB2ADoARQB2AGEAbAB1AGEAdABpAG8AbgAgAG8AZgAgAFcAZQBhAHIAYQBiAGwAZQAgAEQAZQB2AGkAYwBlACAAZgBvAHIAIAB0AGgAZQAgAEUAbABkAGUAcgBsAHkAIAAoAFcALQBFAG0AYQBzACkALgBwAGQAZgAPABoADABNAGEAYwBpAG4AdABvAHMAaAAgAEgARAASAINVc2Vycy9oaG9udGhlaW0vRGVza3RvcC9iYWNoZWxvci10aGVzaXMvYmlibGlvZ3JhcGh5L3NvdXJjZXMvZmlsZXMvd2F0Y2gvRXZhbHVhdGlvbiBvZiBXZWFyYWJsZSBEZXZpY2UgZm9yIHRoZSBFbGRlcmx5IChXLUVtYXMpLnBkZgAAEwABLwAAFQACABD//wAAAAgADQAaACQAdQAAAAAAAAIBAAAAAAAAAAUAAAAAAAAAAAAAAAAAAALT},
	Bdsk-Url-1 = {https://link.springer.com/chapter/10.1007/978-3-319-25939-0_11}}

@book{Semler:2019:App-Design---Das-umfassende-Handbuch,
	Address = {Bonn},
	Author = {Semler, Jan},
	Date-Added = {2020-04-17 15:52:51 +0200},
	Date-Modified = {2020-05-02 21:27:58 +0200},
	Isbn = {978-3-8362-7050-2},
	Publisher = {Rheinwerk Verlag GmbH},
	Title = {App-Design - Das umfassende Handbuch},
	Year = {2019},
	Bdsk-Url-1 = {https://www.rheinwerk-verlag.de/app-design_4905/}}

@article{Almeida:2015:Recommendations-for-the-Development-of-Web-Interfaces,
	Abstract = {The use of Internet services is part of the daily life of people and should be easy to understand, presenting no technological barriers regardless of the type of user or of the equipment being used. Elderly users play a prominent role in the increased use of online tools, not only on personal computers but also in the use of new technologies such as tablets. This exploratory study, with ten participants, aims at analyzing interactions made by elderly and young users when accessing Gmail on the web version of the iPad and comparing it to that of young users in order to assess similarities and differences. Focus was placed on academic issues related to interfacing by elderly users, whereby some points were still relevant and others criticized for not being aligned with the technology of tablets and the form of gestural interaction. As a result, a list of recommendations was compiled for the development of web interfaces for tablets/iPads with emphasis on elderly users.},
	Author = {Rafael Xavier E. de Almeida and Simone Bacellar Leal Ferreira and Horacio Pastor Soares},
	Date-Added = {2020-04-14 21:00:12 +0200},
	Date-Modified = {2020-05-02 21:27:58 +0200},
	Doi = {https://doi.org/10.1016/j.procs.2015.09.258},
	Issn = {1877-0509},
	Journal = {Procedia Computer Science},
	Keywords = {elderly, usability, tablet, interface, ipad},
	Note = {Proceedings of the 6th International Conference on Software Development and Technologies for Enhancing Accessibility and Fighting Info-exclusion},
	Pages = {140 - 149},
	Title = {Recommendations for the Development of Web Interfaces on Tablets/iPads with Emphasis on Elderly Users},
	Url = {http://www.sciencedirect.com/science/article/pii/S187705091503104X},
	Volume = {67},
	Year = {2015},
	Bdsk-File-1 = {YnBsaXN0MDDSAQIDBFxyZWxhdGl2ZVBhdGhZYWxpYXNEYXRhXxB6c291cmNlcy9maWxlcy91aS9SZWNvbW1lbmRhdGlvbnMgZm9yIHRoZSBEZXZlbG9wbWVudCBvZiBXZWIgSW50ZXJmYWNlcyBvbiBUYWJsZXRzIGlQYWRzIHdpdGggRW1waGFzaXMgb24gRWxkZXJseSBVc2Vycy5wZGZPEQMMAAAAAAMMAAIAAAxNYWNpbnRvc2ggSEQAAAAAAAAAAAAAAAAAAAAAAAAAQkQAAf////8fUmVjb21tZW5kYXRpb25zIGZvI0ZGRkZGRkZGLnBkZgAAAAAAAAAAAAAAAAAAAAAAAAAAAAAAAAAAAAAAAAAA/////wAAAAAAAAAAAAAAAAABAAUAAAogY3UAAAAAAAAAAAAAAAAAAnVpAAIAsS86VXNlcnM6aGhvbnRoZWltOkRlc2t0b3A6YmFjaGVsb3ItdGhlc2lzOmJpYmxpb2dyYXBoeTpzb3VyY2VzOmZpbGVzOnVpOlJlY29tbWVuZGF0aW9ucyBmb3IgdGhlIERldmVsb3BtZW50IG9mIFdlYiBJbnRlcmZhY2VzIG9uIFRhYmxldHMgaVBhZHMgd2l0aCBFbXBoYXNpcyBvbiBFbGRlcmx5IFVzZXJzLnBkZgAADgDUAGkAUgBlAGMAbwBtAG0AZQBuAGQAYQB0AGkAbwBuAHMAIABmAG8AcgAgAHQAaABlACAARABlAHYAZQBsAG8AcABtAGUAbgB0ACAAbwBmACAAVwBlAGIAIABJAG4AdABlAHIAZgBhAGMAZQBzACAAbwBuACAAVABhAGIAbABlAHQAcwAgAGkAUABhAGQAcwAgAHcAaQB0AGgAIABFAG0AcABoAGEAcwBpAHMAIABvAG4AIABFAGwAZABlAHIAbAB5ACAAVQBzAGUAcgBzAC4AcABkAGYADwAaAAwATQBhAGMAaQBuAHQAbwBzAGgAIABIAEQAEgCvVXNlcnMvaGhvbnRoZWltL0Rlc2t0b3AvYmFjaGVsb3ItdGhlc2lzL2JpYmxpb2dyYXBoeS9zb3VyY2VzL2ZpbGVzL3VpL1JlY29tbWVuZGF0aW9ucyBmb3IgdGhlIERldmVsb3BtZW50IG9mIFdlYiBJbnRlcmZhY2VzIG9uIFRhYmxldHMgaVBhZHMgd2l0aCBFbXBoYXNpcyBvbiBFbGRlcmx5IFVzZXJzLnBkZgAAEwABLwAAFQACABD//wAAAAgADQAaACQAoQAAAAAAAAIBAAAAAAAAAAUAAAAAAAAAAAAAAAAAAAOx},
	Bdsk-Url-1 = {https://doi.org/10.1016/j.procs.2015.09.258}}

@article{Boll:2015:User-Interfaces-with,
	Abstract = {While applications and user interfaces (UI) for elderly people have been discussed by various authors, the specific requirements of people in the transition age from work life to retirement (55-75 years) have not been analyzed in detail yet. Therefore, in this paper we present results from a qualitative empirical analysis within this age group, evaluate their specific usage behavior and system requirements and derive basic UI design guidelines from it. The results indicate that indeed this age group differs in its requirements from older people (75+) mainly considered in the existing literature.},
	Author = {Friederike Boll and Philipp Brune},
	Date-Added = {2020-04-14 20:57:54 +0200},
	Date-Modified = {2020-05-02 21:27:58 +0200},
	Doi = {https://doi.org/10.1016/j.procs.2015.08.377},
	Issn = {1877-0509},
	Journal = {Procedia Computer Science},
	Keywords = {Graphical User Interfaces, User-Centered Design, UI Development, Elderly People},
	Note = {The 6th International Conference on Emerging Ubiquitous Systems and Pervasive Networks (EUSPN 2015)/ The 5th International Conference on Current and Future Trends of Information and Communication Technologies in Healthcare (ICTH-2015)/ Affiliated Workshops},
	Pages = {511 - 516},
	Title = {User Interfaces with a Touch of Grey? -- Towards a Specific UI Design for People in the Transition Age},
	Url = {http://www.sciencedirect.com/science/article/pii/S1877050915025120},
	Volume = {63},
	Year = {2015},
	Bdsk-File-1 = {YnBsaXN0MDDSAQIDBFxyZWxhdGl2ZVBhdGhZYWxpYXNEYXRhbxB5AHMAbwB1AHIAYwBlAHMALwBmAGkAbABlAHMALwB1AGkALwBVAHMAZQByACAASQBuAHQAZQByAGYAYQBjAGUAcwAgAHcAaQB0AGgAIABhACAAVABvAHUAYwBoACAAbwBmACAARwByAGUAeQAgIBMAIABUAG8AdwBhAHIAZABzACAAYQAgAFMAcABlAGMAaQBmAGkAYwAgAFUASQAgAEQAZQBzAGkAZwBuACAAZgBvAHIAIABQAGUAbwBwAGwAZQAgAGkAbgAgAHQAaABlACAAVAByAGEAbgBzAGkAdABpAG8AbgAgAEEAZwBlAC4AcABkAGZPEQMKAAAAAAMKAAIAAAxNYWNpbnRvc2ggSEQAAAAAAAAAAAAAAAAAAAAAAAAAQkQAAf////8fVXNlciBJbnRlcmZhY2VzIHdpI0ZGRkZGRkZGLnBkZgAAAAAAAAAAAAAAAAAAAAAAAAAAAAAAAAAAAAAAAAAA/////wAAAAAAAAAAAAAAAAABAAUAAAogY3UAAAAAAAAAAAAAAAAAAnVpAAIAsi86VXNlcnM6aGhvbnRoZWltOkRlc2t0b3A6YmFjaGVsb3ItdGhlc2lzOmJpYmxpb2dyYXBoeTpzb3VyY2VzOmZpbGVzOnVpOlVzZXIgSW50ZXJmYWNlcyB3aXRoIGEgVG91Y2ggb2YgR3JleSDigJMgVG93YXJkcyBhIFNwZWNpZmljIFVJIERlc2lnbiBmb3IgUGVvcGxlIGluIHRoZSBUcmFuc2l0aW9uIEFnZS5wZGYADgDSAGgAVQBzAGUAcgAgAEkAbgB0AGUAcgBmAGEAYwBlAHMAIAB3AGkAdABoACAAYQAgAFQAbwB1AGMAaAAgAG8AZgAgAEcAcgBlAHkAICATACAAVABvAHcAYQByAGQAcwAgAGEAIABTAHAAZQBjAGkAZgBpAGMAIABVAEkAIABEAGUAcwBpAGcAbgAgAGYAbwByACAAUABlAG8AcABsAGUAIABpAG4AIAB0AGgAZQAgAFQAcgBhAG4AcwBpAHQAaQBvAG4AIABBAGcAZQAuAHAAZABmAA8AGgAMAE0AYQBjAGkAbgB0AG8AcwBoACAASABEABIAsFVzZXJzL2hob250aGVpbS9EZXNrdG9wL2JhY2hlbG9yLXRoZXNpcy9iaWJsaW9ncmFwaHkvc291cmNlcy9maWxlcy91aS9Vc2VyIEludGVyZmFjZXMgd2l0aCBhIFRvdWNoIG9mIEdyZXkg4oCTIFRvd2FyZHMgYSBTcGVjaWZpYyBVSSBEZXNpZ24gZm9yIFBlb3BsZSBpbiB0aGUgVHJhbnNpdGlvbiBBZ2UucGRmABMAAS8AABUAAgAQ//8AAAAIAA0AGgAkARkAAAAAAAACAQAAAAAAAAAFAAAAAAAAAAAAAAAAAAAEJw==},
	Bdsk-Url-1 = {https://doi.org/10.1016/j.procs.2015.08.377}}

@misc{Fietkau:2020:FuE-Vorhaben-Informationsstrahler---Backend,
	Author = {Fietkau, Julian and Koch, Michael and K{\"o}tteritzsch, Anna and Stojko, Laura},
	Date-Added = {2020-04-14 19:33:15 +0200},
	Date-Modified = {2020-05-02 21:27:58 +0200},
	Howpublished = {Universit{\"a}t der Bundeswehr M{\"u}nchen},
	Month = {02},
	Pages = {21},
	Title = {FuE-Vorhaben Informationsstrahler - Backend},
	Volume = {1.4},
	Year = {2020},
	Bdsk-File-1 = {YnBsaXN0MDDSAQIDBFxyZWxhdGl2ZVBhdGhZYWxpYXNEYXRhXxBCc291cmNlcy9vdGhlci9GdUUtVm9yaGFiZW4gSW5mb3JtYXRpb25zc3RyYWhsZXIgLSBCYWNrZW5kIDEuNC5kb2N4TxECNgAAAAACNgACAAAMTWFjaW50b3NoIEhEAAAAAAAAAAAAAAAAAAAAAAAAAEJEAAH/////H0Z1RS1Wb3JoYWJlbiBJbmZvI0ZGRkZGRkZGLmRvY3gAAAAAAAAAAAAAAAAAAAAAAAAAAAAAAAAAAAAAAAAAAP////8AAAAAAAAAAAAAAAAAAQAEAAAKIGN1AAAAAAAAAAAAAAAAAAVvdGhlcgAAAgB5LzpVc2VyczpoaG9udGhlaW06RGVza3RvcDpiYWNoZWxvci10aGVzaXM6YmlibGlvZ3JhcGh5OnNvdXJjZXM6b3RoZXI6RnVFLVZvcmhhYmVuIEluZm9ybWF0aW9uc3N0cmFobGVyIC0gQmFja2VuZCAxLjQuZG9jeAAADgBqADQARgB1AEUALQBWAG8AcgBoAGEAYgBlAG4AIABJAG4AZgBvAHIAbQBhAHQAaQBvAG4AcwBzAHQAcgBhAGgAbABlAHIAIAAtACAAQgBhAGMAawBlAG4AZAAgADEALgA0AC4AZABvAGMAeAAPABoADABNAGEAYwBpAG4AdABvAHMAaAAgAEgARAASAHdVc2Vycy9oaG9udGhlaW0vRGVza3RvcC9iYWNoZWxvci10aGVzaXMvYmlibGlvZ3JhcGh5L3NvdXJjZXMvb3RoZXIvRnVFLVZvcmhhYmVuIEluZm9ybWF0aW9uc3N0cmFobGVyIC0gQmFja2VuZCAxLjQuZG9jeAAAEwABLwAAFQACABD//wAAAAgADQAaACQAaQAAAAAAAAIBAAAAAAAAAAUAAAAAAAAAAAAAAAAAAAKj},
	Bdsk-File-2 = {YnBsaXN0MDDSAQIDBFxyZWxhdGl2ZVBhdGhZYWxpYXNEYXRhXxBFc291cmNlcy9maWxlcy91bmkvRnVFLVZvcmhhYmVuIEluZm9ybWF0aW9uc3N0cmFobGVyIC0gQmFja2VuZCAxLjQucGRmTxECNgAAAAACNgACAAAMTWFjaW50b3NoIEhEAAAAAAAAAAAAAAAAAAAAAAAAAEJEAAH/////H0Z1RS1Wb3JoYWJlbiBJbmZvciNGRkZGRkZGRi5wZGYAAAAAAAAAAAAAAAAAAAAAAAAAAAAAAAAAAAAAAAAAAP////8AAAAAAAAAAAAAAAAAAQAFAAAKIGN1AAAAAAAAAAAAAAAAAAN1bmkAAAIAfC86VXNlcnM6aGhvbnRoZWltOkRlc2t0b3A6YmFjaGVsb3ItdGhlc2lzOmJpYmxpb2dyYXBoeTpzb3VyY2VzOmZpbGVzOnVuaTpGdUUtVm9yaGFiZW4gSW5mb3JtYXRpb25zc3RyYWhsZXIgLSBCYWNrZW5kIDEuNC5wZGYADgBoADMARgB1AEUALQBWAG8AcgBoAGEAYgBlAG4AIABJAG4AZgBvAHIAbQBhAHQAaQBvAG4AcwBzAHQAcgBhAGgAbABlAHIAIAAtACAAQgBhAGMAawBlAG4AZAAgADEALgA0AC4AcABkAGYADwAaAAwATQBhAGMAaQBuAHQAbwBzAGgAIABIAEQAEgB6VXNlcnMvaGhvbnRoZWltL0Rlc2t0b3AvYmFjaGVsb3ItdGhlc2lzL2JpYmxpb2dyYXBoeS9zb3VyY2VzL2ZpbGVzL3VuaS9GdUUtVm9yaGFiZW4gSW5mb3JtYXRpb25zc3RyYWhsZXIgLSBCYWNrZW5kIDEuNC5wZGYAEwABLwAAFQACABD//wAAAAgADQAaACQAbAAAAAAAAAIBAAAAAAAAAAUAAAAAAAAAAAAAAAAAAAKm}}

@misc{Fietkau:2020:FuE-Vorhaben-Informationsstrahler---MTI-Gestaltung,
	Author = {Fietkau, Julian and Koch, Michael and K{\"o}tteritzsch, Anna and Stojko, Laura},
	Date-Added = {2020-04-14 19:33:15 +0200},
	Date-Modified = {2020-05-02 21:27:58 +0200},
	Howpublished = {Universit{\"a}t der Bundeswehr M{\"u}nchen},
	Month = {02},
	Pages = {39},
	Title = {FuE-Vorhaben Informationsstrahler - MTI Gestaltung},
	Volume = {1.7},
	Year = {2020},
	Bdsk-File-1 = {YnBsaXN0MDDSAQIDBFxyZWxhdGl2ZVBhdGhZYWxpYXNEYXRhXxBJc291cmNlcy9vdGhlci9GdUUtVm9yaGFiZW4gSW5mb3JtYXRpb25zc3RyYWhsZXIgLSBNVEkgR2VzdGFsdHVuZyAxLjcuZG9jeE8RAlAAAAAAAlAAAgAADE1hY2ludG9zaCBIRAAAAAAAAAAAAAAAAAAAAAAAAABCRAAB/////x9GdUUtVm9yaGFiZW4gSW5mbyNGRkZGRkZGRi5kb2N4AAAAAAAAAAAAAAAAAAAAAAAAAAAAAAAAAAAAAAAAAAD/////AAAAAAAAAAAAAAAAAAEABAAACiBjdQAAAAAAAAAAAAAAAAAFb3RoZXIAAAIAgC86VXNlcnM6aGhvbnRoZWltOkRlc2t0b3A6YmFjaGVsb3ItdGhlc2lzOmJpYmxpb2dyYXBoeTpzb3VyY2VzOm90aGVyOkZ1RS1Wb3JoYWJlbiBJbmZvcm1hdGlvbnNzdHJhaGxlciAtIE1USSBHZXN0YWx0dW5nIDEuNy5kb2N4AA4AeAA7AEYAdQBFAC0AVgBvAHIAaABhAGIAZQBuACAASQBuAGYAbwByAG0AYQB0AGkAbwBuAHMAcwB0AHIAYQBoAGwAZQByACAALQAgAE0AVABJACAARwBlAHMAdABhAGwAdAB1AG4AZwAgADEALgA3AC4AZABvAGMAeAAPABoADABNAGEAYwBpAG4AdABvAHMAaAAgAEgARAASAH5Vc2Vycy9oaG9udGhlaW0vRGVza3RvcC9iYWNoZWxvci10aGVzaXMvYmlibGlvZ3JhcGh5L3NvdXJjZXMvb3RoZXIvRnVFLVZvcmhhYmVuIEluZm9ybWF0aW9uc3N0cmFobGVyIC0gTVRJIEdlc3RhbHR1bmcgMS43LmRvY3gAEwABLwAAFQACABD//wAAAAgADQAaACQAcAAAAAAAAAIBAAAAAAAAAAUAAAAAAAAAAAAAAAAAAALE},
	Bdsk-File-2 = {YnBsaXN0MDDSAQIDBFxyZWxhdGl2ZVBhdGhZYWxpYXNEYXRhXxBMc291cmNlcy9maWxlcy91bmkvRnVFLVZvcmhhYmVuIEluZm9ybWF0aW9uc3N0cmFobGVyIC0gTVRJIEdlc3RhbHR1bmcgMS43LnBkZk8RAlQAAAAAAlQAAgAADE1hY2ludG9zaCBIRAAAAAAAAAAAAAAAAAAAAAAAAABCRAAB/////x9GdUUtVm9yaGFiZW4gSW5mb3IjRkZGRkZGRkYucGRmAAAAAAAAAAAAAAAAAAAAAAAAAAAAAAAAAAAAAAAAAAD/////AAAAAAAAAAAAAAAAAAEABQAACiBjdQAAAAAAAAAAAAAAAAADdW5pAAACAIMvOlVzZXJzOmhob250aGVpbTpEZXNrdG9wOmJhY2hlbG9yLXRoZXNpczpiaWJsaW9ncmFwaHk6c291cmNlczpmaWxlczp1bmk6RnVFLVZvcmhhYmVuIEluZm9ybWF0aW9uc3N0cmFobGVyIC0gTVRJIEdlc3RhbHR1bmcgMS43LnBkZgAADgB2ADoARgB1AEUALQBWAG8AcgBoAGEAYgBlAG4AIABJAG4AZgBvAHIAbQBhAHQAaQBvAG4AcwBzAHQAcgBhAGgAbABlAHIAIAAtACAATQBUAEkAIABHAGUAcwB0AGEAbAB0AHUAbgBnACAAMQAuADcALgBwAGQAZgAPABoADABNAGEAYwBpAG4AdABvAHMAaAAgAEgARAASAIFVc2Vycy9oaG9udGhlaW0vRGVza3RvcC9iYWNoZWxvci10aGVzaXMvYmlibGlvZ3JhcGh5L3NvdXJjZXMvZmlsZXMvdW5pL0Z1RS1Wb3JoYWJlbiBJbmZvcm1hdGlvbnNzdHJhaGxlciAtIE1USSBHZXN0YWx0dW5nIDEuNy5wZGYAABMAAS8AABUAAgAQ//8AAAAIAA0AGgAkAHMAAAAAAAACAQAAAAAAAAAFAAAAAAAAAAAAAAAAAAACyw==}}

@article{Streitz:2018:Beyond-smart-only-cities:,
	Author = {Streitz, Norbert},
	Date-Added = {2020-03-14 19:25:44 +0200},
	Date-Modified = {2020-05-03 18:41:09 +0200},
	Doi = {10.1007/s12652-018-0824-1},
	Issn = {1868-5145},
	Journal = {Journal of Ambient Intelligence and Humanized Computing},
	Month = {05},
	Number = {2},
	Pages = {791--812},
	Publisher = {Springer Science and Business Media LLC},
	Title = {Beyond 'smart-only' cities: redefining the 'smart-everything' paradigm},
	Url = {http://dx.doi.org/10.1007/s12652-018-0824-1},
	Volume = {10},
	Year = {2018},
	Bdsk-File-1 = {YnBsaXN0MDDSAQIDBFxyZWxhdGl2ZVBhdGhZYWxpYXNEYXRhbxAwAHMAbwB1AHIAYwBlAHMALwBmAGkAbABlAHMALwB1AG4AaQAvAEIAZQB5AG8AbgBkACAgGABzAG0AYQByAHQALQBvAG4AbAB5IBkAIABjAGkAdABpAGUAcwAuAHAAZABmTxEB7AAAAAAB7AACAAAMTWFjaW50b3NoIEhEAAAAAAAAAAAAAAAAAAAAAAAAAEJEAAH/////HkJleW9uZCDUc21hcnQtb25sedUgY2l0aWVzLnBkZgAAAAAAAAAAAAAAAAAAAAAAAAAAAAAAAAAAAAAAAAAAAP////8AAAAAAAAAAAAAAAAAAQAFAAAKIGN1AAAAAAAAAAAAAAAAAAN1bmkAAAIAay86VXNlcnM6aGhvbnRoZWltOkRlc2t0b3A6YmFjaGVsb3ItdGhlc2lzOmJpYmxpb2dyYXBoeTpzb3VyY2VzOmZpbGVzOnVuaTpCZXlvbmQg4oCYc21hcnQtb25seeKAmSBjaXRpZXMucGRmAAAOAD4AHgBCAGUAeQBvAG4AZAAgIBgAcwBtAGEAcgB0AC0AbwBuAGwAeSAZACAAYwBpAHQAaQBlAHMALgBwAGQAZgAPABoADABNAGEAYwBpAG4AdABvAHMAaAAgAEgARAASAGlVc2Vycy9oaG9udGhlaW0vRGVza3RvcC9iYWNoZWxvci10aGVzaXMvYmlibGlvZ3JhcGh5L3NvdXJjZXMvZmlsZXMvdW5pL0JleW9uZCDigJhzbWFydC1vbmx54oCZIGNpdGllcy5wZGYAABMAAS8AABUAAgAQ//8AAAAIAA0AGgAkAIcAAAAAAAACAQAAAAAAAAAFAAAAAAAAAAAAAAAAAAACdw==},
	Bdsk-Url-1 = {https://doi.org/10.1007/s12652-018-0824-1}}

@book{Kofler:2019:Swift-5---Das-umfassende-Handbuch,
	Address = {Bonn},
	Author = {Kofler, Michael},
	Date-Added = {2020-04-17 16:54:58 +0200},
	Date-Modified = {2020-05-02 21:27:58 +0200},
	Isbn = {978-3-8362-6638-3},
	Publisher = {Rheinwerk Verlag GmbH},
	Title = {Swift 5 - Das umfassende Handbuch},
	Year = {2019},
	Bdsk-Url-1 = {https://www.rheinwerk-verlag.de/swift-5_4749/}}
